Invoice ID,Branch,Customer type,Gender,Product line,Unit price,Quantity,Tax 5%,Sales,Date,Time,cogs,gross income,Rating,Payment_Credit card,Payment_Ewallet,City_Naypyitaw,City_Yangon,CustomerType_lbl
750-67-8428,Alex,0,Female,Health and beauty,74.69,7,26.1415,548.9715,01-05-19,1:08:00 PM,522.83,26.1415,9.1,False,True,False,True,Member
226-31-3081,Giza,1,Female,Electronic accessories,15.28,5,3.82,80.22,03-08-19,10:29:00 AM,76.4,3.82,9.6,False,False,True,False,Normal
631-41-3108,Alex,1,Female,Home and lifestyle,46.33,7,16.2155,340.5255,03-03-19,1:23:00 PM,324.31,16.2155,7.4,True,False,False,True,Normal
123-19-1176,Alex,0,Female,Health and beauty,58.22,8,23.288,489.048,1/27/2019,8:33:00 PM,465.76,23.288,8.4,False,True,False,True,Member
373-73-7910,Alex,0,Female,Sports and travel,86.31,7,30.2085,634.3785,02-08-19,10:37:00 AM,604.17,30.2085,5.3,False,True,False,True,Member
699-14-3026,Giza,0,Female,Electronic accessories,85.39,7,29.8865,627.6165,3/25/2019,6:30:00 PM,597.73,29.8865,4.1,False,True,True,False,Member
355-53-5943,Alex,0,Female,Electronic accessories,68.84,6,20.652,433.692,2/25/2019,2:36:00 PM,413.04,20.652,5.8,False,True,False,True,Member
315-22-5665,Giza,0,Female,Home and lifestyle,73.56,10,36.78,772.38,2/24/2019,11:38:00 AM,735.6,36.78,8.0,False,True,True,False,Member
665-32-9167,Alex,0,Female,Health and beauty,36.26,2,3.626,76.146,01-10-19,5:15:00 PM,72.52,3.626,7.2,True,False,False,True,Member
692-92-5582,Cairo,0,Female,Food and beverages,54.84,3,8.226,172.746,2/20/2019,1:27:00 PM,164.52,8.226,5.9,True,False,False,False,Member
351-62-0822,Cairo,0,Female,Fashion accessories,14.48,4,2.896,60.816,02-06-19,6:07:00 PM,57.92,2.896,4.5,False,True,False,False,Member
529-56-3974,Cairo,0,Female,Electronic accessories,25.51,4,5.102,107.142,03-09-19,5:03:00 PM,102.04,5.102,6.8,False,False,False,False,Member
365-64-0515,Alex,0,Female,Electronic accessories,46.95,5,11.7375,246.4875,02-12-19,10:25:00 AM,234.75,11.7375,7.1,False,True,False,True,Member
252-56-2699,Alex,0,Female,Food and beverages,43.19,10,21.595,453.495,02-07-19,4:48:00 PM,431.9,21.595,8.2,False,True,False,True,Member
829-34-3910,Alex,0,Female,Health and beauty,71.38,10,35.69,749.49,3/29/2019,7:21:00 PM,713.8,35.69,5.7,False,False,False,True,Member
299-46-1805,Cairo,0,Female,Sports and travel,93.72,6,28.116,590.436,1/15/2019,4:19:00 PM,562.32,28.116,4.5,False,False,False,False,Member
656-95-9349,Alex,0,Female,Health and beauty,68.93,7,24.1255,506.6355,03-11-19,11:03:00 AM,482.51,24.1255,4.6,True,False,False,True,Member
765-26-6951,Alex,0,Female,Sports and travel,72.61,6,21.783,457.443,01-01-19,10:39:00 AM,435.66,21.783,6.9,True,False,False,True,Member
329-62-1586,Alex,0,Female,Food and beverages,54.67,3,8.2005,172.2105,1/21/2019,6:00:00 PM,164.01,8.2005,8.6,True,False,False,True,Member
319-50-3348,Cairo,0,Female,Home and lifestyle,40.3,2,4.03,84.63,03-11-19,3:30:00 PM,80.6,4.03,4.4,False,True,False,False,Member
300-71-4605,Giza,0,Female,Electronic accessories,86.04,5,21.51,451.71,2/25/2019,11:24:00 AM,430.2,21.51,4.8,False,True,True,False,Member
371-85-5789,Cairo,0,Female,Health and beauty,87.98,3,13.197,277.137,03-05-19,10:40:00 AM,263.94,13.197,5.1,False,True,False,False,Member
273-16-6619,Cairo,0,Female,Home and lifestyle,33.2,2,3.32,69.72,3/15/2019,12:20:00 PM,66.4,3.32,4.4,True,False,False,False,Member
636-48-8204,Alex,0,Female,Electronic accessories,34.56,5,8.64,181.44,2/17/2019,11:15:00 AM,172.8,8.64,9.9,False,True,False,True,Member
549-59-1358,Alex,0,Female,Sports and travel,88.63,3,13.2945,279.1845,03-02-19,5:36:00 PM,265.89,13.2945,6.0,False,True,False,True,Member
227-03-5010,Alex,0,Female,Home and lifestyle,52.59,8,21.036,441.756,3/22/2019,7:20:00 PM,420.72,21.036,8.5,True,False,False,True,Member
649-29-6775,Cairo,0,Female,Fashion accessories,33.52,1,1.676,35.196,02-08-19,3:31:00 PM,33.52,1.676,6.7,False,False,False,False,Member
189-17-4241,Alex,0,Female,Fashion accessories,87.67,2,8.767,184.107,03-10-19,12:17:00 PM,175.34,8.767,7.7,True,False,False,True,Member
145-94-9061,Cairo,0,Female,Food and beverages,88.36,5,22.09,463.89,1/25/2019,7:48:00 PM,441.8,22.09,9.6,False,False,False,False,Member
848-62-7243,Alex,0,Female,Health and beauty,24.89,9,11.2005,235.2105,3/15/2019,3:36:00 PM,224.01,11.2005,7.4,False,False,False,True,Member
871-79-8483,Cairo,0,Female,Fashion accessories,94.13,5,23.5325,494.1825,2/25/2019,7:39:00 PM,470.65,23.5325,4.8,True,False,False,False,Member
149-71-6266,Cairo,0,Female,Sports and travel,78.07,9,35.1315,737.7615,1/28/2019,12:43:00 PM,702.63,35.1315,4.5,False,False,False,False,Member
640-49-2076,Cairo,0,Female,Sports and travel,83.78,8,33.512,703.752,01-10-19,2:49:00 PM,670.24,33.512,5.1,False,False,False,False,Member
595-11-5460,Alex,0,Female,Health and beauty,96.58,2,9.658,202.818,3/15/2019,10:12:00 AM,193.16,9.658,5.1,True,False,False,True,Member
183-56-6882,Giza,0,Female,Food and beverages,99.42,4,19.884,417.564,02-06-19,10:42:00 AM,397.68,19.884,7.5,False,True,True,False,Member
232-16-2483,Giza,0,Female,Sports and travel,68.12,1,3.406,71.526,01-07-19,12:28:00 PM,68.12,3.406,6.8,False,True,True,False,Member
129-29-8530,Alex,0,Female,Sports and travel,62.62,5,15.655,328.755,03-10-19,7:15:00 PM,313.1,15.655,7.0,False,True,False,True,Member
272-65-1806,Alex,0,Female,Electronic accessories,60.88,9,27.396,575.316,1/15/2019,5:17:00 PM,547.92,27.396,4.7,False,True,False,True,Member
333-73-7901,Giza,0,Female,Health and beauty,54.92,8,21.968,461.328,3/23/2019,1:24:00 PM,439.36,21.968,7.6,False,True,True,False,Member
777-82-7220,Cairo,0,Female,Home and lifestyle,30.12,8,12.048,253.008,03-03-19,1:01:00 PM,240.96,12.048,7.7,False,False,False,False,Member
280-35-5823,Cairo,0,Female,Home and lifestyle,86.72,1,4.336,91.056,1/17/2019,6:45:00 PM,86.72,4.336,7.9,False,True,False,False,Member
554-53-8700,Giza,0,Female,Home and lifestyle,56.11,2,5.611,117.831,02-02-19,10:11:00 AM,112.22,5.611,6.3,False,False,True,False,Member
354-25-5821,Cairo,0,Female,Sports and travel,69.12,6,20.736,435.456,02-08-19,1:03:00 PM,414.72,20.736,5.6,False,False,False,False,Member
228-96-1411,Giza,0,Female,Food and beverages,98.7,8,39.48,829.08,03-04-19,8:39:00 PM,789.6,39.48,7.6,False,False,True,False,Member
617-15-4209,Giza,0,Female,Health and beauty,15.37,2,1.537,32.277,3/16/2019,7:47:00 PM,30.74,1.537,7.2,False,False,True,False,Member
132-32-9879,Cairo,0,Female,Electronic accessories,93.96,4,18.792,394.632,03-09-19,6:00:00 PM,375.84,18.792,9.5,False,False,False,False,Member
370-41-7321,Cairo,0,Female,Health and beauty,56.69,9,25.5105,535.7205,2/27/2019,5:24:00 PM,510.21,25.5105,8.4,True,False,False,False,Member
727-46-3608,Cairo,0,Female,Food and beverages,20.01,9,9.0045,189.0945,02-06-19,3:47:00 PM,180.09,9.0045,4.1,False,True,False,False,Member
669-54-1719,Cairo,0,Female,Electronic accessories,18.93,6,5.679,119.259,02-10-19,12:45:00 PM,113.58,5.679,8.1,True,False,False,False,Member
574-22-5561,Giza,0,Female,Fashion accessories,82.63,10,41.315,867.615,3/19/2019,5:08:00 PM,826.3,41.315,7.9,False,True,True,False,Member
326-78-5178,Giza,0,Female,Food and beverages,91.4,7,31.99,671.79,02-03-19,10:19:00 AM,639.8,31.99,9.5,False,False,True,False,Member
162-48-8011,Alex,0,Female,Food and beverages,44.59,5,11.1475,234.0975,02-10-19,3:10:00 PM,222.95,11.1475,8.5,False,False,False,True,Member
616-24-2851,Cairo,0,Female,Fashion accessories,17.87,4,3.574,75.054,3/22/2019,2:42:00 PM,71.48,3.574,6.5,False,True,False,False,Member
778-71-5554,Giza,0,Female,Fashion accessories,15.43,1,0.7715,16.2015,1/25/2019,3:46:00 PM,15.43,0.7715,6.1,True,False,True,False,Member
242-55-6721,Cairo,0,Female,Home and lifestyle,16.16,2,1.616,33.936,03-07-19,11:49:00 AM,32.32,1.616,6.5,False,True,False,False,Member
399-46-5918,Giza,0,Female,Electronic accessories,85.98,8,34.392,722.232,2/28/2019,7:01:00 PM,687.84,34.392,8.2,False,False,True,False,Member
106-35-6779,Alex,0,Female,Home and lifestyle,44.34,2,4.434,93.114,3/27/2019,11:26:00 AM,88.68,4.434,5.8,False,False,False,True,Member
635-40-6220,Alex,0,Female,Health and beauty,89.6,8,35.84,752.64,02-07-19,11:28:00 AM,716.8,35.84,6.6,False,True,False,True,Member
817-48-8732,Alex,0,Female,Home and lifestyle,72.35,10,36.175,759.675,1/20/2019,3:55:00 PM,723.5,36.175,5.4,False,False,False,True,Member
120-06-4233,Giza,0,Female,Electronic accessories,30.61,6,9.183,192.843,03-12-19,8:36:00 PM,183.66,9.183,9.3,False,False,True,False,Member
285-68-5083,Giza,0,Female,Sports and travel,24.74,3,3.711,77.931,2/15/2019,5:47:00 PM,74.22,3.711,10.0,True,False,True,False,Member
803-83-5989,Giza,0,Female,Home and lifestyle,55.73,6,16.719,351.099,2/24/2019,10:55:00 AM,334.38,16.719,7.0,False,True,True,False,Member
347-34-2234,Cairo,0,Female,Sports and travel,55.07,9,24.7815,520.4115,02-03-19,1:40:00 PM,495.63,24.7815,10.0,False,True,False,False,Member
199-75-8169,Alex,0,Female,Sports and travel,15.81,10,7.905,166.005,03-06-19,12:27:00 PM,158.1,7.905,8.6,True,False,False,True,Member
853-23-2453,Cairo,0,Female,Health and beauty,75.74,4,15.148,318.108,2/14/2019,2:35:00 PM,302.96,15.148,7.6,False,False,False,False,Member
877-22-3308,Alex,0,Female,Health and beauty,15.87,10,7.935,166.635,3/13/2019,4:40:00 PM,158.7,7.935,5.8,False,False,False,True,Member
838-78-4295,Giza,0,Female,Health and beauty,33.47,2,3.347,70.287,02-10-19,3:43:00 PM,66.94,3.347,6.7,False,True,True,False,Member
109-28-2512,Cairo,0,Female,Fashion accessories,97.61,6,29.283,614.943,01-07-19,3:01:00 PM,585.66,29.283,9.9,False,True,False,False,Member
232-11-3025,Alex,0,Female,Sports and travel,78.77,10,39.385,827.085,1/24/2019,10:04:00 AM,787.7,39.385,6.4,False,False,False,True,Member
382-03-4532,Alex,0,Female,Health and beauty,18.33,1,0.9165,19.2465,02-02-19,6:50:00 PM,18.33,0.9165,4.3,False,False,False,True,Member
393-65-2792,Giza,0,Female,Food and beverages,89.48,10,44.74,939.54,01-06-19,12:46:00 PM,894.8,44.74,9.6,True,False,True,False,Member
796-12-2025,Giza,0,Female,Fashion accessories,62.12,10,31.06,652.26,02-11-19,4:19:00 PM,621.2,31.06,5.9,False,False,True,False,Member
510-95-6347,Cairo,0,Female,Food and beverages,48.52,3,7.278,152.838,03-05-19,6:17:00 PM,145.56,7.278,4.0,False,True,False,False,Member
841-35-6630,Giza,0,Female,Electronic accessories,75.91,6,22.773,478.233,03-09-19,6:21:00 PM,455.46,22.773,8.7,False,False,True,False,Member
287-21-9091,Alex,0,Female,Home and lifestyle,74.67,9,33.6015,705.6315,1/22/2019,10:55:00 AM,672.03,33.6015,9.4,False,True,False,True,Member
732-94-0499,Giza,0,Female,Electronic accessories,41.65,10,20.825,437.325,1/13/2019,5:04:00 PM,416.5,20.825,5.4,True,False,True,False,Member
263-10-3913,Giza,0,Female,Fashion accessories,49.04,9,22.068,463.428,01-09-19,2:20:00 PM,441.36,22.068,8.6,True,False,True,False,Member
381-20-0914,Alex,0,Female,Fashion accessories,20.01,9,9.0045,189.0945,01-12-19,3:48:00 PM,180.09,9.0045,5.7,True,False,False,True,Member
829-49-1914,Giza,0,Female,Food and beverages,78.31,10,39.155,822.255,03-05-19,4:24:00 PM,783.1,39.155,6.6,False,True,True,False,Member
756-01-7507,Giza,0,Female,Health and beauty,20.38,5,5.095,106.995,1/22/2019,6:56:00 PM,101.9,5.095,6.0,False,False,True,False,Member
870-72-4431,Giza,0,Female,Health and beauty,99.19,6,29.757,624.897,1/21/2019,2:42:00 PM,595.14,29.757,5.5,True,False,True,False,Member
847-38-7188,Cairo,0,Female,Food and beverages,96.68,3,14.502,304.542,1/26/2019,7:56:00 PM,290.04,14.502,6.4,False,True,False,False,Member
480-63-2856,Giza,0,Female,Food and beverages,19.25,8,7.7,161.7,1/23/2019,6:37:00 PM,154.0,7.7,6.6,False,True,True,False,Member
787-56-0757,Giza,0,Female,Food and beverages,80.36,4,16.072,337.512,2/23/2019,6:45:00 PM,321.44,16.072,8.3,True,False,True,False,Member
360-39-5055,Giza,0,Female,Sports and travel,48.91,5,12.2275,256.7775,03-09-19,10:17:00 AM,244.55,12.2275,6.6,False,False,True,False,Member
730-50-9884,Giza,0,Female,Sports and travel,83.06,7,29.071,610.491,03-05-19,2:31:00 PM,581.42,29.071,4.0,False,True,True,False,Member
362-58-8315,Giza,0,Female,Fashion accessories,76.52,5,19.13,401.73,3/25/2019,10:23:00 AM,382.6,19.13,9.9,False,False,True,False,Member
633-44-8566,Alex,0,Female,Food and beverages,49.38,7,17.283,362.943,3/27/2019,8:35:00 PM,345.66,17.283,7.3,True,False,False,True,Member
504-35-8843,Alex,0,Female,Sports and travel,42.47,1,2.1235,44.5935,01-02-19,4:57:00 PM,42.47,2.1235,5.7,False,False,False,True,Member
318-68-5053,Cairo,0,Female,Health and beauty,76.99,6,23.097,485.037,2/27/2019,5:55:00 PM,461.94,23.097,6.1,False,False,False,False,Member
565-80-5980,Giza,0,Female,Home and lifestyle,47.38,4,9.476,198.996,1/23/2019,10:25:00 AM,189.52,9.476,7.1,False,False,True,False,Member
225-32-0908,Giza,0,Female,Sports and travel,44.86,10,22.43,471.03,1/26/2019,7:54:00 PM,448.6,22.43,8.2,False,True,True,False,Member
873-51-0671,Alex,0,Female,Sports and travel,21.98,7,7.693,161.553,01-10-19,4:42:00 PM,153.86,7.693,5.1,False,True,False,True,Member
152-08-9985,Cairo,0,Female,Health and beauty,64.36,9,28.962,608.202,03-12-19,12:09:00 PM,579.24,28.962,8.6,True,False,False,False,Member
512-91-0811,Giza,0,Female,Health and beauty,89.75,1,4.4875,94.2375,02-06-19,8:05:00 PM,89.75,4.4875,6.6,True,False,True,False,Member
594-34-4444,Alex,0,Female,Electronic accessories,97.16,1,4.858,102.018,03-08-19,8:38:00 PM,97.16,4.858,7.2,False,True,False,True,Member
766-85-7061,Cairo,0,Female,Health and beauty,87.87,10,43.935,922.635,3/29/2019,10:25:00 AM,878.7,43.935,5.1,False,True,False,False,Member
871-39-9221,Giza,0,Female,Electronic accessories,12.45,6,3.735,78.435,02-09-19,1:11:00 PM,74.7,3.735,4.1,False,False,True,False,Member
865-92-6136,Alex,0,Female,Food and beverages,52.75,3,7.9125,166.1625,3/23/2019,10:16:00 AM,158.25,7.9125,9.3,False,True,False,True,Member
733-01-9107,Cairo,0,Female,Home and lifestyle,82.7,6,24.81,521.01,03-05-19,6:14:00 PM,496.2,24.81,7.4,False,False,False,False,Member
163-56-7055,Giza,0,Female,Fashion accessories,48.71,1,2.4355,51.1455,3/26/2019,7:20:00 PM,48.71,2.4355,4.1,False,False,True,False,Member
189-98-2939,Giza,0,Female,Fashion accessories,78.55,9,35.3475,742.2975,03-01-19,1:22:00 PM,706.95,35.3475,7.2,False,False,True,False,Member
551-21-3069,Giza,0,Female,Electronic accessories,23.07,9,10.3815,218.0115,02-01-19,11:27:00 AM,207.63,10.3815,4.9,False,False,True,False,Member
212-62-1842,Alex,0,Female,Food and beverages,58.26,6,17.478,367.038,3/28/2019,4:44:00 PM,349.56,17.478,9.9,False,False,False,True,Member
716-39-1409,Cairo,0,Female,Health and beauty,30.35,7,10.6225,223.0725,3/19/2019,6:19:00 PM,212.45,10.6225,8.0,False,False,False,False,Member
704-48-3927,Alex,0,Female,Electronic accessories,88.67,10,44.335,931.035,01-12-19,2:50:00 PM,886.7,44.335,7.3,False,True,False,True,Member
628-34-3388,Giza,0,Female,Fashion accessories,27.38,6,8.214,172.494,01-05-19,8:54:00 PM,164.28,8.214,7.9,True,False,True,False,Member
630-74-5166,Alex,0,Female,Sports and travel,62.13,6,18.639,391.419,3/22/2019,8:19:00 PM,372.78,18.639,7.4,False,False,False,True,Member
588-01-7461,Giza,0,Female,Food and beverages,33.98,9,15.291,321.111,3/24/2019,10:43:00 AM,305.82,15.291,4.2,False,False,True,False,Member
861-77-0145,Giza,0,Female,Electronic accessories,81.97,10,40.985,860.685,03-03-19,2:30:00 PM,819.7,40.985,9.2,False,False,True,False,Member
479-26-8945,Cairo,0,Female,Sports and travel,16.49,2,1.649,34.629,02-05-19,11:32:00 AM,32.98,1.649,4.6,False,True,False,False,Member
210-67-5886,Giza,0,Female,Health and beauty,98.21,3,14.7315,309.3615,02-05-19,10:41:00 AM,294.63,14.7315,7.8,True,False,True,False,Member
227-78-1148,Cairo,0,Female,Fashion accessories,72.84,7,25.494,535.374,2/15/2019,12:44:00 PM,509.88,25.494,8.4,False,False,False,False,Member
645-44-1170,Alex,0,Female,Home and lifestyle,58.07,9,26.1315,548.7615,1/19/2019,8:07:00 PM,522.63,26.1315,4.3,False,True,False,True,Member
237-01-6122,Giza,0,Female,Home and lifestyle,80.79,9,36.3555,763.4655,02-01-19,8:31:00 PM,727.11,36.3555,9.5,True,False,True,False,Member
225-98-1496,Giza,0,Female,Fashion accessories,27.02,3,4.053,85.113,03-02-19,1:01:00 PM,81.06,4.053,7.1,True,False,True,False,Member
291-32-1427,Cairo,0,Female,Fashion accessories,21.94,5,5.485,115.185,03-05-19,12:29:00 PM,109.7,5.485,5.3,False,True,False,False,Member
659-65-8956,Cairo,0,Female,Fashion accessories,51.36,1,2.568,53.928,1/16/2019,3:26:00 PM,51.36,2.568,5.2,False,True,False,False,Member
642-32-2990,Alex,0,Female,Food and beverages,10.96,10,5.48,115.08,02-02-19,8:48:00 PM,109.6,5.48,6.0,False,True,False,True,Member
378-24-2715,Cairo,0,Female,Home and lifestyle,53.44,2,5.344,112.224,1/20/2019,8:38:00 PM,106.88,5.344,4.1,False,True,False,False,Member
638-60-7125,Alex,0,Female,Electronic accessories,99.56,8,39.824,836.304,2/14/2019,5:03:00 PM,796.48,39.824,5.2,True,False,False,True,Member
659-36-1684,Giza,0,Female,Sports and travel,57.12,7,19.992,419.832,01-12-19,12:02:00 PM,399.84,19.992,6.5,True,False,True,False,Member
219-22-9386,Cairo,0,Female,Sports and travel,99.96,9,44.982,944.622,03-09-19,5:26:00 PM,899.64,44.982,4.2,True,False,False,False,Member
336-78-2147,Giza,0,Female,Home and lifestyle,63.91,8,25.564,536.844,3/13/2019,7:52:00 PM,511.28,25.564,4.6,True,False,True,False,Member
268-27-6179,Cairo,0,Female,Fashion accessories,56.47,8,22.588,474.348,03-09-19,2:57:00 PM,451.76,22.588,7.3,False,True,False,False,Member
668-90-8900,Alex,0,Female,Home and lifestyle,93.69,7,32.7915,688.6215,03-10-19,6:44:00 PM,655.83,32.7915,4.5,True,False,False,True,Member
870-54-3162,Alex,0,Female,Sports and travel,32.25,5,8.0625,169.3125,1/27/2019,1:26:00 PM,161.25,8.0625,9.0,False,False,False,True,Member
189-08-9157,Giza,0,Female,Fashion accessories,31.73,9,14.2785,299.8485,01-08-19,4:17:00 PM,285.57,14.2785,5.9,True,False,True,False,Member
663-86-9076,Giza,0,Female,Food and beverages,68.54,8,27.416,575.736,01-08-19,3:57:00 PM,548.32,27.416,8.5,False,True,True,False,Member
549-84-7482,Cairo,0,Female,Sports and travel,90.28,9,40.626,853.146,02-08-19,11:15:00 AM,812.52,40.626,7.2,False,True,False,False,Member
191-10-6171,Cairo,1,Female,Fashion accessories,39.62,7,13.867,291.207,1/25/2019,1:18:00 PM,277.34,13.867,7.5,False,False,False,False,Normal
802-70-5316,Alex,0,Female,Sports and travel,92.13,6,27.639,580.419,03-06-19,8:34:00 PM,552.78,27.639,8.3,False,False,False,True,Member
695-51-0018,Cairo,1,Female,Sports and travel,34.84,4,6.968,146.328,02-10-19,6:36:00 PM,139.36,6.968,7.4,False,False,False,False,Normal
590-83-4591,Cairo,0,Female,Electronic accessories,87.45,6,26.235,550.935,2/17/2019,2:40:00 PM,524.7,26.235,8.8,True,False,False,False,Member
483-71-1164,Giza,1,Female,Health and beauty,81.3,6,24.39,512.19,03-08-19,4:43:00 PM,487.8,24.39,5.3,False,True,True,False,Normal
597-78-7908,Giza,1,Female,Fashion accessories,90.22,3,13.533,284.193,2/18/2019,7:39:00 PM,270.66,13.533,6.2,False,False,True,False,Normal
700-81-1757,Alex,1,Female,Electronic accessories,26.31,5,6.5775,138.1275,1/18/2019,8:59:00 PM,131.55,6.5775,8.8,True,False,False,True,Normal
354-39-5160,Alex,0,Female,Home and lifestyle,34.42,6,10.326,216.846,2/18/2019,3:39:00 PM,206.52,10.326,9.8,False,False,False,True,Member
241-72-9525,Cairo,1,Female,Sports and travel,51.91,10,25.955,545.055,2/16/2019,12:21:00 PM,519.1,25.955,8.2,False,False,False,False,Normal
575-30-8091,Alex,1,Female,Sports and travel,72.5,8,29.0,609.0,3/16/2019,7:25:00 PM,580.0,29.0,9.2,False,True,False,True,Normal
731-81-9469,Giza,0,Female,Sports and travel,89.8,10,44.9,942.9,1/23/2019,1:00:00 PM,898.0,44.9,5.4,True,False,True,False,Member
280-17-4359,Giza,0,Male,Health and beauty,90.5,10,45.25,950.25,1/25/2019,1:48:00 PM,905.0,45.25,8.1,False,False,True,False,Member
338-65-2210,Giza,0,Female,Health and beauty,68.6,10,34.3,720.3,02-05-19,7:57:00 PM,686.0,34.3,9.1,False,False,True,False,Member
488-25-4221,Giza,0,Female,Food and beverages,30.41,1,1.5205,31.9305,2/22/2019,10:36:00 AM,30.41,1.5205,8.4,True,False,True,False,Member
239-10-7476,Alex,1,Female,Home and lifestyle,77.95,6,23.385,491.085,1/21/2019,4:37:00 PM,467.7,23.385,8.0,False,True,False,True,Normal
458-41-1477,Giza,1,Female,Health and beauty,46.26,6,13.878,291.438,03-08-19,5:11:00 PM,277.56,13.878,9.5,True,False,True,False,Normal
685-64-1609,Alex,0,Female,Fashion accessories,30.14,10,15.07,316.47,02-10-19,12:28:00 PM,301.4,15.07,9.2,False,True,False,True,Member
568-90-5112,Giza,1,Male,Health and beauty,66.14,4,13.228,277.788,3/19/2019,12:46:00 PM,264.56,13.228,5.6,True,False,True,False,Normal
262-47-2794,Cairo,0,Male,Home and lifestyle,71.86,8,28.744,603.624,03-06-19,3:07:00 PM,574.88,28.744,6.2,True,False,False,False,Member
238-49-0436,Alex,1,Male,Health and beauty,32.46,8,12.984,272.664,3/27/2019,1:48:00 PM,259.68,12.984,4.9,True,False,False,True,Normal
608-96-3517,Cairo,0,Female,Fashion accessories,91.54,4,18.308,384.468,3/23/2019,7:20:00 PM,366.16,18.308,4.8,True,False,False,False,Member
584-86-7256,Giza,0,Male,Sports and travel,34.56,7,12.096,254.016,03-11-19,4:07:00 PM,241.92,12.096,7.3,True,False,True,False,Member
746-94-0204,Alex,1,Male,Fashion accessories,83.24,9,37.458,786.618,1/29/2019,11:56:00 AM,749.16,37.458,7.4,True,False,False,True,Normal
214-17-6927,Giza,1,Female,Food and beverages,16.48,6,4.944,103.824,02-07-19,6:23:00 PM,98.88,4.944,9.9,False,True,True,False,Normal
400-89-4171,Giza,1,Female,Sports and travel,80.97,8,32.388,680.148,1/28/2019,1:05:00 PM,647.76,32.388,9.3,False,False,True,False,Normal
782-95-9291,Alex,0,Male,Food and beverages,92.29,5,23.0725,484.5225,2/20/2019,3:55:00 PM,461.45,23.0725,9.0,True,False,False,True,Member
279-74-2924,Cairo,0,Male,Electronic accessories,72.17,1,3.6085,75.7785,01-04-19,7:40:00 PM,72.17,3.6085,6.1,False,False,False,False,Member
307-85-2293,Cairo,1,Male,Home and lifestyle,50.28,5,12.57,263.97,03-07-19,1:58:00 PM,251.4,12.57,9.7,False,True,False,False,Normal
743-04-1105,Cairo,0,Male,Health and beauty,97.22,9,43.749,918.729,3/30/2019,2:43:00 PM,874.98,43.749,6.0,False,True,False,False,Member
423-57-2993,Cairo,1,Male,Sports and travel,93.39,6,28.017,588.357,3/27/2019,7:18:00 PM,560.34,28.017,10.0,False,True,False,False,Normal
894-41-5205,Giza,1,Female,Food and beverages,43.18,8,17.272,362.712,1/19/2019,7:39:00 PM,345.44,17.272,8.3,True,False,True,False,Normal
275-28-0149,Alex,1,Male,Sports and travel,63.69,1,3.1845,66.8745,2/25/2019,4:21:00 PM,63.69,3.1845,6.0,False,False,False,True,Normal
101-17-6199,Alex,1,Male,Food and beverages,45.79,7,16.0265,336.5565,3/13/2019,7:44:00 PM,320.53,16.0265,7.0,True,False,False,True,Normal
423-80-0988,Giza,1,Male,Sports and travel,76.4,2,7.64,160.44,1/30/2019,7:42:00 PM,152.8,7.64,6.5,False,True,True,False,Normal
548-46-9322,Cairo,1,Male,Food and beverages,39.9,10,19.95,418.95,2/20/2019,3:24:00 PM,399.0,19.95,5.9,True,False,False,False,Normal
505-02-0892,Cairo,0,Male,Health and beauty,42.57,8,17.028,357.588,2/25/2019,2:12:00 PM,340.56,17.028,5.6,False,True,False,False,Member
234-65-2137,Giza,1,Male,Home and lifestyle,95.58,10,47.79,1003.59,1/16/2019,1:32:00 PM,955.8,47.79,4.8,False,False,True,False,Normal
687-47-8271,Alex,1,Male,Fashion accessories,98.98,10,49.49,1039.29,02-08-19,4:20:00 PM,989.8,49.49,8.7,True,False,False,True,Normal
796-32-9050,Alex,1,Male,Food and beverages,51.28,6,15.384,323.064,1/19/2019,4:31:00 PM,307.68,15.384,6.5,False,False,False,True,Normal
105-31-1824,Alex,0,Male,Sports and travel,69.52,7,24.332,510.972,02-01-19,3:10:00 PM,486.64,24.332,8.5,True,False,False,True,Member
249-42-3782,Alex,1,Male,Health and beauty,70.01,5,17.5025,367.5525,01-03-19,11:36:00 AM,350.05,17.5025,5.5,False,True,False,True,Normal
316-55-4634,Cairo,0,Male,Food and beverages,80.05,5,20.0125,420.2625,1/26/2019,12:45:00 PM,400.25,20.0125,9.4,True,False,False,False,Member
733-33-4967,Giza,1,Male,Electronic accessories,20.85,8,8.34,175.14,03-03-19,7:17:00 PM,166.8,8.34,6.3,False,False,True,False,Normal
608-27-6295,Cairo,0,Male,Electronic accessories,52.89,6,15.867,333.207,1/19/2019,5:34:00 PM,317.34,15.867,9.8,True,False,False,False,Member
414-12-7047,Cairo,1,Male,Food and beverages,19.79,8,7.916,166.236,1/18/2019,12:04:00 PM,158.32,7.916,8.7,False,True,False,False,Normal
827-26-2100,Alex,0,Male,Home and lifestyle,33.84,9,15.228,319.788,3/21/2019,4:21:00 PM,304.56,15.228,8.8,False,True,False,True,Member
175-54-2529,Alex,0,Male,Food and beverages,22.17,8,8.868,186.228,03-03-19,5:01:00 PM,177.36,8.868,9.6,True,False,False,True,Member
139-52-2867,Giza,1,Female,Fashion accessories,22.51,7,7.8785,165.4485,2/13/2019,10:50:00 AM,157.57,7.8785,4.8,True,False,True,False,Normal
407-63-8975,Alex,1,Male,Food and beverages,73.88,6,22.164,465.444,3/23/2019,7:16:00 PM,443.28,22.164,4.4,False,True,False,True,Normal
342-65-4817,Giza,0,Male,Health and beauty,86.8,3,13.02,273.42,1/28/2019,4:47:00 PM,260.4,13.02,9.9,False,True,True,False,Member
130-98-8941,Giza,1,Male,Fashion accessories,64.26,7,22.491,472.311,02-09-19,10:00:00 AM,449.82,22.491,5.7,False,False,True,False,Normal
434-83-9547,Giza,0,Male,Food and beverages,38.47,8,15.388,323.148,1/23/2019,11:51:00 AM,307.76,15.388,7.7,False,False,True,False,Member
851-28-6367,Alex,0,Male,Sports and travel,15.5,10,7.75,162.75,3/23/2019,10:55:00 AM,155.0,7.75,8.0,False,True,False,True,Member
824-88-3614,Giza,1,Male,Health and beauty,34.31,8,13.724,288.204,1/25/2019,3:00:00 PM,274.48,13.724,5.7,False,True,True,False,Normal
586-25-0848,Alex,1,Female,Sports and travel,12.34,7,4.319,90.699,03-04-19,11:19:00 AM,86.38,4.319,6.7,True,False,False,True,Normal
895-66-0685,Cairo,0,Male,Food and beverages,18.08,3,2.712,56.952,03-05-19,7:46:00 PM,54.24,2.712,8.0,False,True,False,False,Member
305-14-0245,Cairo,0,Female,Home and lifestyle,94.49,8,37.796,793.716,03-03-19,7:00:00 PM,755.92,37.796,7.5,False,True,False,False,Member
732-04-5373,Cairo,0,Male,Home and lifestyle,46.47,4,9.294,195.174,02-08-19,10:53:00 AM,185.88,9.294,7.0,False,False,False,False,Member
400-60-7251,Alex,1,Male,Home and lifestyle,74.07,1,3.7035,77.7735,02-10-19,12:50:00 PM,74.07,3.7035,9.9,False,True,False,True,Normal
593-65-1552,Giza,1,Female,Home and lifestyle,69.81,4,13.962,293.202,1/28/2019,8:50:00 PM,279.24,13.962,5.9,True,False,True,False,Normal
284-34-9626,Cairo,1,Female,Home and lifestyle,77.04,3,11.556,242.676,02-11-19,10:39:00 AM,231.12,11.556,7.2,True,False,False,False,Normal
437-58-8131,Cairo,1,Female,Fashion accessories,73.52,2,7.352,154.392,1/15/2019,1:41:00 PM,147.04,7.352,4.6,False,True,False,False,Normal
286-43-6208,Giza,1,Female,Food and beverages,87.8,9,39.51,829.71,3/16/2019,7:08:00 PM,790.2,39.51,9.2,False,False,True,False,Normal
641-43-2399,Cairo,1,Male,Home and lifestyle,25.55,4,5.11,107.31,1/26/2019,8:23:00 PM,102.2,5.11,5.7,False,True,False,False,Normal
831-07-6050,Alex,1,Male,Electronic accessories,32.71,5,8.1775,171.7275,3/19/2019,11:30:00 AM,163.55,8.1775,9.9,True,False,False,True,Normal
556-86-3144,Giza,0,Female,Fashion accessories,74.29,1,3.7145,78.0045,1/13/2019,7:30:00 PM,74.29,3.7145,5.0,False,False,True,False,Member
848-24-9445,Giza,0,Male,Health and beauty,43.7,2,4.37,91.77,3/26/2019,6:03:00 PM,87.4,4.37,4.9,False,False,True,False,Member
856-22-8149,Alex,1,Female,Home and lifestyle,25.29,1,1.2645,26.5545,3/23/2019,10:13:00 AM,25.29,1.2645,6.1,False,True,False,True,Normal
699-01-4164,Giza,1,Male,Health and beauty,41.5,4,8.3,174.3,03-12-19,7:58:00 PM,166.0,8.3,8.2,True,False,True,False,Normal
420-11-4919,Giza,0,Female,Food and beverages,71.39,5,17.8475,374.7975,2/17/2019,7:57:00 PM,356.95,17.8475,5.5,True,False,True,False,Member
606-80-4905,Giza,0,Female,Sports and travel,19.15,6,5.745,120.645,1/29/2019,10:01:00 AM,114.9,5.745,6.8,True,False,True,False,Member
542-41-0513,Cairo,0,Female,Electronic accessories,57.49,4,11.498,241.458,3/15/2019,11:57:00 AM,229.96,11.498,6.6,False,False,False,False,Member
426-39-2418,Giza,1,Male,Electronic accessories,61.41,7,21.4935,451.3635,1/14/2019,10:02:00 AM,429.87,21.4935,9.8,False,False,True,False,Normal
875-46-5808,Cairo,0,Male,Health and beauty,25.9,10,12.95,271.95,02-06-19,2:51:00 PM,259.0,12.95,8.7,False,True,False,False,Member
394-43-4238,Cairo,0,Male,Home and lifestyle,17.77,5,4.4425,93.2925,2/15/2019,12:42:00 PM,88.85,4.4425,5.4,True,False,False,False,Member
749-24-1565,Alex,1,Female,Health and beauty,23.03,9,10.3635,217.6335,01-03-19,12:02:00 PM,207.27,10.3635,7.9,False,True,False,True,Normal
672-51-8681,Giza,0,Female,Electronic accessories,66.65,9,29.9925,629.8425,01-04-19,6:19:00 PM,599.85,29.9925,9.7,True,False,True,False,Member
263-87-5680,Giza,0,Female,Home and lifestyle,28.53,10,14.265,299.565,3/18/2019,5:38:00 PM,285.3,14.265,7.8,False,True,True,False,Member
573-58-9734,Cairo,1,Female,Fashion accessories,30.37,3,4.5555,95.6655,3/28/2019,1:41:00 PM,91.11,4.5555,5.1,False,True,False,False,Normal
817-69-8206,Cairo,1,Female,Electronic accessories,99.73,9,44.8785,942.4485,03-02-19,7:42:00 PM,897.57,44.8785,6.5,True,False,False,False,Normal
888-02-0338,Alex,1,Male,Electronic accessories,26.23,9,11.8035,247.8735,1/25/2019,8:24:00 PM,236.07,11.8035,5.9,False,True,False,True,Normal
677-11-0152,Giza,1,Female,Food and beverages,93.26,9,41.967,881.307,1/16/2019,6:08:00 PM,839.34,41.967,8.8,False,False,True,False,Normal
142-63-6033,Cairo,1,Male,Home and lifestyle,92.36,5,23.09,484.89,3/20/2019,7:17:00 PM,461.8,23.09,4.9,False,True,False,False,Normal
656-16-1063,Cairo,1,Male,Sports and travel,46.42,3,6.963,146.223,01-04-19,1:24:00 PM,139.26,6.963,4.4,True,False,False,False,Normal
891-58-8335,Cairo,0,Female,Sports and travel,29.61,7,10.3635,217.6335,03-11-19,3:53:00 PM,207.27,10.3635,6.5,False,False,False,False,Member
802-43-8934,Alex,1,Male,Home and lifestyle,18.28,1,0.914,19.194,3/22/2019,3:05:00 PM,18.28,0.914,8.3,True,False,False,True,Normal
560-30-5617,Cairo,1,Female,Sports and travel,24.77,5,6.1925,130.0425,3/24/2019,6:27:00 PM,123.85,6.1925,8.5,False,False,False,False,Normal
319-74-2561,Alex,0,Female,Electronic accessories,94.64,3,14.196,298.116,2/21/2019,4:55:00 PM,283.92,14.196,5.5,False,False,False,True,Member
549-03-9315,Cairo,1,Male,Fashion accessories,94.87,8,37.948,796.908,02-12-19,12:58:00 PM,758.96,37.948,8.7,False,True,False,False,Normal
790-29-1172,Cairo,1,Female,Food and beverages,57.34,3,8.601,180.621,03-10-19,6:59:00 PM,172.02,8.601,7.9,True,False,False,False,Normal
239-36-3640,Cairo,1,Male,Electronic accessories,45.35,6,13.605,285.705,1/31/2019,1:44:00 PM,272.1,13.605,6.1,False,True,False,False,Normal
468-01-2051,Cairo,1,Male,Food and beverages,62.08,7,21.728,456.288,03-06-19,1:46:00 PM,434.56,21.728,5.4,False,True,False,False,Normal
389-25-3394,Giza,1,Male,Electronic accessories,11.81,5,2.9525,62.0025,2/17/2019,6:06:00 PM,59.05,2.9525,9.4,False,False,True,False,Normal
279-62-1445,Giza,0,Female,Fashion accessories,12.54,1,0.627,13.167,2/21/2019,12:38:00 PM,12.54,0.627,8.2,False,False,True,False,Member
213-72-6612,Alex,1,Male,Food and beverages,43.25,2,4.325,90.825,3/20/2019,3:56:00 PM,86.5,4.325,6.2,False,False,False,True,Normal
746-68-6593,Giza,0,Female,Sports and travel,87.16,2,8.716,183.036,01-11-19,2:29:00 PM,174.32,8.716,9.7,True,False,True,False,Member
836-82-5858,Cairo,0,Male,Health and beauty,69.37,9,31.2165,655.5465,1/26/2019,7:14:00 PM,624.33,31.2165,4.0,False,True,False,False,Member
583-72-1480,Giza,0,Male,Electronic accessories,37.06,4,7.412,155.652,1/31/2019,4:24:00 PM,148.24,7.412,9.7,False,True,True,False,Member
466-61-5506,Cairo,0,Female,Electronic accessories,90.7,6,27.21,571.41,2/26/2019,10:52:00 AM,544.2,27.21,5.3,False,False,False,False,Member
721-86-6247,Alex,1,Female,Home and lifestyle,63.42,8,25.368,532.728,03-11-19,12:55:00 PM,507.36,25.368,7.4,False,True,False,True,Normal
289-65-5721,Cairo,1,Female,Fashion accessories,81.37,2,8.137,170.877,1/26/2019,7:28:00 PM,162.74,8.137,6.5,False,False,False,False,Normal
545-46-3100,Cairo,0,Female,Electronic accessories,10.59,3,1.5885,33.3585,03-12-19,1:52:00 PM,31.77,1.5885,8.7,True,False,False,False,Member
418-02-5978,Cairo,1,Female,Health and beauty,84.09,9,37.8405,794.6505,02-11-19,10:54:00 AM,756.81,37.8405,8.0,False,False,False,False,Normal
269-04-5750,Cairo,0,Male,Fashion accessories,73.82,4,14.764,310.044,2/21/2019,6:31:00 PM,295.28,14.764,6.7,False,False,False,False,Member
157-13-5295,Alex,0,Male,Health and beauty,51.94,10,25.97,545.37,03-09-19,6:24:00 PM,519.4,25.97,6.5,False,True,False,True,Member
645-78-8093,Alex,1,Female,Sports and travel,93.14,2,9.314,195.594,1/20/2019,6:09:00 PM,186.28,9.314,4.1,False,True,False,True,Normal
211-30-9270,Giza,1,Male,Health and beauty,17.41,5,4.3525,91.4025,1/28/2019,3:16:00 PM,87.05,4.3525,4.9,True,False,True,False,Normal
755-12-3214,Giza,0,Female,Fashion accessories,44.22,5,11.055,232.155,03-05-19,5:07:00 PM,221.1,11.055,8.6,True,False,True,False,Member
346-84-3103,Cairo,0,Female,Electronic accessories,13.22,5,3.305,69.405,03-02-19,7:26:00 PM,66.1,3.305,4.3,False,False,False,False,Member
478-06-7835,Alex,1,Male,Fashion accessories,89.69,1,4.4845,94.1745,01-11-19,11:20:00 AM,89.69,4.4845,4.9,False,True,False,True,Normal
540-11-4336,Alex,1,Male,Food and beverages,24.94,9,11.223,235.683,01-11-19,4:49:00 PM,224.46,11.223,5.6,True,False,False,True,Normal
448-81-5016,Alex,1,Male,Health and beauty,59.77,2,5.977,125.517,03-11-19,12:01:00 PM,119.54,5.977,5.8,True,False,False,True,Normal
142-72-4741,Giza,0,Male,Fashion accessories,93.2,2,9.32,195.72,2/28/2019,6:37:00 PM,186.4,9.32,6.0,True,False,True,False,Member
217-58-1179,Alex,0,Male,Home and lifestyle,62.65,4,12.53,263.13,01-05-19,11:25:00 AM,250.6,12.53,4.2,False,False,False,True,Member
376-02-8238,Cairo,1,Male,Home and lifestyle,93.87,8,37.548,788.508,02-02-19,6:42:00 PM,750.96,37.548,8.3,True,False,False,False,Normal
530-90-9855,Alex,0,Male,Home and lifestyle,47.59,8,19.036,399.756,01-01-19,2:47:00 PM,380.72,19.036,5.7,False,False,False,True,Member
866-05-7563,Cairo,0,Female,Electronic accessories,81.4,3,12.21,256.41,02-09-19,7:43:00 PM,244.2,12.21,4.8,False,False,False,False,Member
604-70-6476,Alex,0,Male,Fashion accessories,17.94,5,4.485,94.185,1/23/2019,2:04:00 PM,89.7,4.485,6.8,False,True,False,True,Member
799-71-1548,Alex,0,Male,Electronic accessories,77.72,4,15.544,326.424,01-07-19,4:11:00 PM,310.88,15.544,8.8,True,False,False,True,Member
785-13-7708,Cairo,1,Male,Food and beverages,73.06,7,25.571,536.991,1/14/2019,7:06:00 PM,511.42,25.571,4.2,True,False,False,False,Normal
845-51-0542,Cairo,0,Male,Food and beverages,46.55,9,20.9475,439.8975,02-02-19,3:34:00 PM,418.95,20.9475,6.4,False,True,False,False,Member
662-47-5456,Giza,0,Male,Fashion accessories,35.19,10,17.595,369.495,3/17/2019,7:06:00 PM,351.9,17.595,8.4,True,False,True,False,Member
883-17-4236,Giza,1,Female,Sports and travel,14.39,2,1.439,30.219,03-02-19,7:44:00 PM,28.78,1.439,7.2,True,False,True,False,Normal
290-68-2984,Alex,1,Male,Home and lifestyle,23.75,4,4.75,99.75,3/16/2019,11:22:00 AM,95.0,4.75,5.2,False,False,False,True,Normal
704-11-6354,Alex,0,Male,Home and lifestyle,58.9,8,23.56,494.76,01-06-19,11:23:00 AM,471.2,23.56,8.9,False,False,False,True,Member
110-48-7033,Cairo,0,Male,Fashion accessories,32.62,4,6.524,137.004,1/29/2019,2:12:00 PM,130.48,6.524,9.0,False,False,False,False,Member
366-93-0948,Alex,0,Male,Electronic accessories,66.35,1,3.3175,69.6675,1/31/2019,10:46:00 AM,66.35,3.3175,9.7,True,False,False,True,Member
729-09-9681,Alex,0,Male,Home and lifestyle,25.91,6,7.773,163.233,02-05-19,10:16:00 AM,155.46,7.773,8.7,False,True,False,True,Member
151-16-1484,Alex,0,Male,Electronic accessories,32.25,4,6.45,135.45,2/13/2019,12:38:00 PM,129.0,6.45,6.5,False,True,False,True,Member
380-94-4661,Giza,0,Male,Electronic accessories,65.94,4,13.188,276.948,02-07-19,1:05:00 PM,263.76,13.188,6.9,True,False,True,False,Member
850-41-9669,Alex,1,Female,Electronic accessories,75.06,9,33.777,709.317,3/19/2019,1:25:00 PM,675.54,33.777,6.2,False,True,False,True,Normal
821-07-3596,Giza,1,Female,Fashion accessories,16.45,4,3.29,69.09,03-07-19,2:53:00 PM,65.8,3.29,5.6,False,True,True,False,Normal
655-85-5130,Cairo,0,Female,Fashion accessories,38.3,4,7.66,160.86,3/13/2019,7:22:00 PM,153.2,7.66,5.7,False,False,False,False,Member
447-15-7839,Alex,0,Female,Sports and travel,22.24,10,11.12,233.52,02-09-19,11:00:00 AM,222.4,11.12,4.2,False,False,False,True,Member
154-74-7179,Cairo,1,Male,Sports and travel,54.45,1,2.7225,57.1725,2/26/2019,7:24:00 PM,54.45,2.7225,7.9,False,True,False,False,Normal
253-12-6086,Alex,0,Female,Sports and travel,98.4,7,34.44,723.24,03-12-19,12:43:00 PM,688.8,34.44,8.7,True,False,False,True,Member
808-65-0703,Giza,1,Male,Home and lifestyle,35.47,4,7.094,148.974,3/14/2019,5:22:00 PM,141.88,7.094,6.9,True,False,True,False,Normal
571-94-0759,Cairo,0,Female,Food and beverages,74.6,10,37.3,783.3,01-08-19,8:55:00 PM,746.0,37.3,9.5,False,False,False,False,Member
144-51-6085,Alex,0,Male,Home and lifestyle,70.74,4,14.148,297.108,01-05-19,4:05:00 PM,282.96,14.148,4.4,True,False,False,True,Member
731-14-2199,Alex,0,Female,Home and lifestyle,35.54,10,17.77,373.17,01-04-19,1:34:00 PM,355.4,17.77,7.0,False,True,False,True,Member
783-09-1637,Cairo,1,Female,Sports and travel,67.43,5,16.8575,354.0075,03-06-19,6:13:00 PM,337.15,16.8575,6.3,False,True,False,False,Normal
687-15-1097,Giza,0,Female,Health and beauty,21.12,2,2.112,44.352,01-03-19,7:17:00 PM,42.24,2.112,9.7,False,False,True,False,Member
126-54-1082,Alex,0,Female,Home and lifestyle,21.54,9,9.693,203.553,01-07-19,11:44:00 AM,193.86,9.693,8.8,True,False,False,True,Member
633-91-1052,Alex,1,Female,Home and lifestyle,12.03,2,1.203,25.263,1/27/2019,3:51:00 PM,24.06,1.203,5.1,False,False,False,True,Normal
477-24-6490,Cairo,1,Female,Health and beauty,99.71,6,29.913,628.173,2/26/2019,4:52:00 PM,598.26,29.913,7.9,False,True,False,False,Normal
566-19-5475,Cairo,1,Male,Fashion accessories,47.97,7,16.7895,352.5795,01-07-19,8:52:00 PM,335.79,16.7895,6.2,False,False,False,False,Normal
526-86-8552,Giza,0,Female,Home and lifestyle,21.82,10,10.91,229.11,01-07-19,5:36:00 PM,218.2,10.91,7.1,False,False,True,False,Member
376-56-3573,Giza,1,Female,Fashion accessories,95.42,4,19.084,400.764,02-02-19,1:23:00 PM,381.68,19.084,6.4,False,True,True,False,Normal
537-72-0426,Giza,0,Male,Fashion accessories,70.99,10,35.495,745.395,3/20/2019,4:28:00 PM,709.9,35.495,5.7,False,False,True,False,Member
828-61-5674,Alex,0,Male,Sports and travel,44.02,10,22.01,462.21,3/20/2019,7:57:00 PM,440.2,22.01,9.6,True,False,False,True,Member
136-08-6195,Alex,1,Female,Home and lifestyle,69.96,8,27.984,587.664,2/15/2019,5:01:00 PM,559.68,27.984,6.4,True,False,False,True,Normal
523-38-0215,Giza,1,Male,Home and lifestyle,37.0,1,1.85,38.85,03-06-19,1:29:00 PM,37.0,1.85,7.9,True,False,True,False,Normal
490-29-1201,Alex,1,Female,Sports and travel,15.34,1,0.767,16.107,01-06-19,11:09:00 AM,15.34,0.767,6.5,False,False,False,True,Normal
667-92-0055,Alex,0,Male,Health and beauty,99.83,6,29.949,628.929,03-04-19,3:02:00 PM,598.98,29.949,8.5,False,True,False,True,Member
565-17-3836,Alex,0,Female,Health and beauty,47.67,4,9.534,200.214,03-12-19,2:21:00 PM,190.68,9.534,9.1,False,False,False,True,Member
498-41-1961,Cairo,1,Male,Health and beauty,66.68,5,16.67,350.07,2/20/2019,6:01:00 PM,333.4,16.67,7.6,False,False,False,False,Normal
593-95-4461,Giza,0,Male,Home and lifestyle,74.86,1,3.743,78.603,3/24/2019,2:49:00 PM,74.86,3.743,6.9,False,False,True,False,Member
226-71-3580,Giza,1,Female,Sports and travel,23.75,9,10.6875,224.4375,1/31/2019,12:02:00 PM,213.75,10.6875,9.5,False,False,True,False,Normal
283-79-9594,Cairo,1,Female,Food and beverages,48.51,7,16.9785,356.5485,1/25/2019,1:30:00 PM,339.57,16.9785,5.2,True,False,False,False,Normal
430-60-3493,Alex,0,Female,Home and lifestyle,94.88,7,33.208,697.368,02-03-19,2:38:00 PM,664.16,33.208,4.2,False,False,False,True,Member
139-20-0155,Cairo,0,Male,Electronic accessories,40.3,10,20.15,423.15,1/24/2019,5:37:00 PM,403.0,20.15,7.0,True,False,False,False,Member
558-80-4082,Giza,1,Male,Electronic accessories,27.85,7,9.7475,204.6975,3/14/2019,5:20:00 PM,194.95,9.7475,6.0,False,True,True,False,Normal
278-97-7759,Alex,0,Female,Electronic accessories,62.48,1,3.124,65.604,2/18/2019,8:29:00 PM,62.48,3.124,4.7,False,False,False,True,Member
316-68-6352,Alex,0,Female,Food and beverages,36.36,2,3.636,76.356,1/21/2019,10:00:00 AM,72.72,3.636,7.1,False,False,False,True,Member
585-03-5943,Cairo,1,Male,Health and beauty,18.11,10,9.055,190.155,3/13/2019,11:46:00 AM,181.1,9.055,5.9,False,True,False,False,Normal
211-05-0490,Giza,0,Female,Electronic accessories,51.92,5,12.98,272.58,03-03-19,1:42:00 PM,259.6,12.98,7.5,False,False,True,False,Member
727-75-6477,Giza,1,Male,Electronic accessories,28.84,4,5.768,121.128,3/29/2019,2:44:00 PM,115.36,5.768,6.4,False,False,True,False,Normal
744-02-5987,Alex,0,Male,Home and lifestyle,78.38,6,23.514,493.794,01-10-19,2:16:00 PM,470.28,23.514,5.8,False,True,False,True,Member
307-83-9164,Alex,0,Male,Home and lifestyle,60.01,4,12.002,252.042,1/25/2019,3:54:00 PM,240.04,12.002,4.5,False,False,False,True,Member
779-06-0012,Giza,0,Female,Home and lifestyle,88.61,1,4.4305,93.0405,1/19/2019,10:21:00 AM,88.61,4.4305,7.7,False,False,True,False,Member
446-47-6729,Giza,1,Male,Fashion accessories,99.82,2,9.982,209.622,01-02-19,6:09:00 PM,199.64,9.982,6.7,True,False,True,False,Normal
573-10-3877,Cairo,0,Male,Health and beauty,39.01,1,1.9505,40.9605,03-12-19,4:46:00 PM,39.01,1.9505,4.7,True,False,False,False,Member
735-06-4124,Giza,1,Male,Food and beverages,48.61,1,2.4305,51.0405,2/25/2019,3:31:00 PM,48.61,2.4305,4.4,False,False,True,False,Normal
439-54-7422,Alex,1,Female,Electronic accessories,51.19,4,10.238,214.998,3/18/2019,5:15:00 PM,204.76,10.238,4.7,True,False,False,True,Normal
396-90-2219,Cairo,1,Female,Electronic accessories,14.96,8,5.984,125.664,2/23/2019,12:29:00 PM,119.68,5.984,8.6,False,False,False,False,Normal
411-77-0180,Alex,0,Male,Electronic accessories,72.2,7,25.27,530.67,3/26/2019,8:14:00 PM,505.4,25.27,4.3,False,True,False,True,Member
286-01-5402,Alex,1,Female,Sports and travel,40.23,7,14.0805,295.6905,3/30/2019,1:22:00 PM,281.61,14.0805,9.6,False,False,False,True,Normal
803-17-8013,Alex,0,Female,Home and lifestyle,88.79,8,35.516,745.836,2/17/2019,5:09:00 PM,710.32,35.516,4.1,False,False,False,True,Member
512-98-1403,Alex,0,Female,Electronic accessories,26.48,3,3.972,83.412,3/21/2019,10:40:00 AM,79.44,3.972,4.7,False,True,False,True,Member
848-42-2560,Alex,1,Female,Fashion accessories,81.91,2,8.191,172.011,03-05-19,5:43:00 PM,163.82,8.191,7.8,False,False,False,True,Normal
532-59-7201,Cairo,0,Male,Sports and travel,79.93,6,23.979,503.559,1/31/2019,2:04:00 PM,479.58,23.979,5.5,False,False,False,False,Member
181-94-6432,Giza,0,Male,Fashion accessories,69.33,2,6.933,145.593,02-05-19,7:05:00 PM,138.66,6.933,9.7,False,True,True,False,Member
870-76-1733,Alex,0,Female,Food and beverages,14.23,5,3.5575,74.7075,02-01-19,10:08:00 AM,71.15,3.5575,4.4,True,False,False,True,Member
423-64-4619,Alex,0,Female,Health and beauty,15.55,9,6.9975,146.9475,03-07-19,1:12:00 PM,139.95,6.9975,5.0,False,False,False,True,Member
227-07-4446,Giza,0,Female,Electronic accessories,78.13,10,39.065,820.365,02-10-19,8:51:00 PM,781.3,39.065,4.4,False,False,True,False,Member
174-36-3675,Giza,0,Male,Food and beverages,99.37,2,9.937,208.677,2/14/2019,5:29:00 PM,198.74,9.937,5.2,False,False,True,False,Member
428-83-5800,Giza,0,Female,Food and beverages,21.08,3,3.162,66.402,02-09-19,10:25:00 AM,63.24,3.162,7.3,False,False,True,False,Member
603-07-0961,Giza,0,Male,Electronic accessories,74.79,5,18.6975,392.6475,01-10-19,11:34:00 AM,373.95,18.6975,4.9,False,False,True,False,Member
704-20-4138,Giza,0,Female,Health and beauty,29.67,7,10.3845,218.0745,03-11-19,6:58:00 PM,207.69,10.3845,8.1,True,False,True,False,Member
787-15-1757,Giza,0,Male,Health and beauty,44.07,4,8.814,185.094,2/18/2019,4:28:00 PM,176.28,8.814,8.4,False,True,True,False,Member
649-11-3678,Giza,1,Female,Food and beverages,22.93,9,10.3185,216.6885,2/26/2019,8:26:00 PM,206.37,10.3185,5.5,False,False,True,False,Normal
622-20-1945,Giza,1,Female,Health and beauty,39.42,1,1.971,41.391,1/18/2019,3:08:00 PM,39.42,1.971,8.4,False,False,True,False,Normal
372-94-8041,Alex,1,Male,Health and beauty,15.26,6,4.578,96.138,2/15/2019,6:03:00 PM,91.56,4.578,9.8,False,True,False,True,Normal
563-91-7120,Alex,1,Female,Fashion accessories,61.77,5,15.4425,324.2925,03-08-19,1:21:00 PM,308.85,15.4425,6.7,False,False,False,True,Normal
746-54-5508,Alex,1,Male,Home and lifestyle,21.52,6,6.456,135.576,1/17/2019,12:48:00 PM,129.12,6.456,9.4,True,False,False,True,Normal
276-54-0879,Cairo,1,Male,Sports and travel,97.74,4,19.548,410.508,03-12-19,7:53:00 PM,390.96,19.548,6.4,False,True,False,False,Normal
815-11-1168,Alex,0,Male,Food and beverages,99.78,5,24.945,523.845,03-09-19,7:09:00 PM,498.9,24.945,5.4,False,False,False,True,Member
719-76-3868,Giza,0,Male,Food and beverages,94.26,4,18.852,395.892,03-12-19,4:30:00 PM,377.04,18.852,8.6,False,False,True,False,Member
730-61-8757,Cairo,0,Male,Health and beauty,51.13,4,10.226,214.746,1/25/2019,10:11:00 AM,204.52,10.226,4.0,True,False,False,False,Member
340-66-0321,Alex,0,Male,Electronic accessories,36.36,4,7.272,152.712,3/25/2019,1:07:00 PM,145.44,7.272,7.6,False,False,False,True,Member
868-81-1752,Cairo,1,Male,Home and lifestyle,22.02,9,9.909,208.089,02-07-19,6:48:00 PM,198.18,9.909,6.8,False,False,False,False,Normal
634-97-8956,Alex,1,Male,Food and beverages,32.9,3,4.935,103.635,2/17/2019,5:27:00 PM,98.7,4.935,9.1,True,False,False,True,Normal
566-71-1091,Alex,1,Male,Fashion accessories,77.02,5,19.255,404.355,02-03-19,3:59:00 PM,385.1,19.255,5.5,False,False,False,True,Normal
442-48-3607,Alex,0,Male,Food and beverages,23.48,2,2.348,49.308,3/14/2019,11:21:00 AM,46.96,2.348,7.9,True,False,False,True,Member
835-16-0096,Giza,0,Male,Sports and travel,14.7,5,3.675,77.175,3/24/2019,1:48:00 PM,73.5,3.675,8.5,False,True,True,False,Member
527-09-6272,Alex,0,Female,Electronic accessories,28.45,5,7.1125,149.3625,3/21/2019,10:17:00 AM,142.25,7.1125,9.1,True,False,False,True,Member
898-04-2717,Alex,1,Male,Fashion accessories,76.4,9,34.38,721.98,3/19/2019,3:49:00 PM,687.6,34.38,7.5,False,True,False,True,Normal
692-27-8933,Cairo,1,Female,Sports and travel,57.95,6,17.385,365.085,2/24/2019,1:02:00 PM,347.7,17.385,5.2,False,False,False,False,Normal
633-09-3463,Giza,1,Female,Electronic accessories,47.65,3,7.1475,150.0975,3/28/2019,12:58:00 PM,142.95,7.1475,9.5,True,False,True,False,Normal
374-17-3652,Cairo,0,Female,Food and beverages,42.82,9,19.269,404.649,02-05-19,3:26:00 PM,385.38,19.269,8.9,True,False,False,False,Member
378-07-7001,Cairo,0,Male,Electronic accessories,48.09,3,7.2135,151.4835,02-10-19,6:23:00 PM,144.27,7.2135,7.8,True,False,False,False,Member
433-75-6987,Cairo,0,Female,Health and beauty,55.97,7,19.5895,411.3795,03-05-19,7:06:00 PM,391.79,19.5895,8.9,False,True,False,False,Member
873-95-4984,Cairo,0,Female,Health and beauty,76.9,7,26.915,565.215,2/15/2019,8:21:00 PM,538.3,26.915,7.7,False,False,False,False,Member
416-13-5917,Giza,1,Female,Food and beverages,97.03,5,24.2575,509.4075,1/30/2019,4:24:00 PM,485.15,24.2575,9.3,False,True,True,False,Normal
150-89-8043,Alex,1,Male,Sports and travel,44.65,3,6.6975,140.6475,2/14/2019,3:04:00 PM,133.95,6.6975,6.2,False,False,False,True,Normal
135-84-8019,Alex,1,Female,Fashion accessories,77.93,9,35.0685,736.4385,2/27/2019,4:10:00 PM,701.37,35.0685,7.6,False,True,False,True,Normal
441-94-7118,Alex,0,Male,Electronic accessories,71.95,1,3.5975,75.5475,02-04-19,12:14:00 PM,71.95,3.5975,7.3,False,False,False,True,Member
725-96-3778,Giza,0,Female,Home and lifestyle,89.25,8,35.7,749.7,1/20/2019,10:13:00 AM,714.0,35.7,4.7,False,False,True,False,Member
531-80-1784,Alex,1,Male,Electronic accessories,26.02,7,9.107,191.247,3/28/2019,5:38:00 PM,182.14,9.107,5.1,False,False,False,True,Normal
400-45-1220,Cairo,1,Female,Health and beauty,13.5,10,6.75,141.75,2/27/2019,11:06:00 AM,135.0,6.75,4.8,True,False,False,False,Normal
860-79-0874,Giza,0,Female,Fashion accessories,99.3,10,49.65,1042.65,2/15/2019,2:53:00 PM,993.0,49.65,6.6,True,False,True,False,Member
834-61-8124,Alex,1,Male,Electronic accessories,51.69,7,18.0915,379.9215,1/26/2019,6:22:00 PM,361.83,18.0915,5.5,False,False,False,True,Normal
115-99-4379,Cairo,0,Female,Fashion accessories,54.73,7,19.1555,402.2655,3/14/2019,7:02:00 PM,383.11,19.1555,8.5,True,False,False,False,Member
565-67-6697,Cairo,0,Male,Home and lifestyle,27.0,9,12.15,255.15,03-02-19,2:16:00 PM,243.0,12.15,4.8,False,False,False,False,Member
320-49-6392,Giza,1,Female,Electronic accessories,30.24,1,1.512,31.752,03-04-19,3:44:00 PM,30.24,1.512,8.4,False,False,True,False,Normal
889-04-9723,Cairo,0,Female,Food and beverages,89.14,4,17.828,374.388,01-07-19,12:20:00 PM,356.56,17.828,7.8,True,False,False,False,Member
632-90-0281,Giza,1,Female,Fashion accessories,37.55,10,18.775,394.275,03-08-19,8:01:00 PM,375.5,18.775,9.3,True,False,True,False,Normal
554-42-2417,Giza,1,Female,Sports and travel,95.44,10,47.72,1002.12,01-09-19,1:45:00 PM,954.4,47.72,5.2,False,False,True,False,Normal
453-63-6187,Cairo,1,Male,Electronic accessories,27.5,3,4.125,86.625,03-01-19,3:40:00 PM,82.5,4.125,6.5,False,True,False,False,Normal
578-80-7669,Cairo,1,Male,Sports and travel,74.97,1,3.7485,78.7185,3/16/2019,4:58:00 PM,74.97,3.7485,5.6,False,False,False,False,Normal
612-36-5536,Alex,0,Male,Food and beverages,80.96,8,32.384,680.064,2/17/2019,11:12:00 AM,647.68,32.384,7.4,True,False,False,True,Member
605-72-4132,Giza,1,Female,Food and beverages,94.47,8,37.788,793.548,2/27/2019,3:12:00 PM,755.76,37.788,9.1,False,False,True,False,Normal
471-41-2823,Giza,1,Male,Food and beverages,99.79,2,9.979,209.559,03-07-19,8:37:00 PM,199.58,9.979,8.0,False,True,True,False,Normal
462-67-9126,Alex,1,Male,Home and lifestyle,73.22,6,21.966,461.286,1/21/2019,5:44:00 PM,439.32,21.966,7.2,False,False,False,True,Normal
272-27-9238,Giza,1,Female,Food and beverages,41.24,4,8.248,173.208,2/19/2019,4:23:00 PM,164.96,8.248,7.1,False,False,True,False,Normal
834-25-9262,Giza,1,Female,Fashion accessories,81.68,4,16.336,343.056,01-06-19,12:12:00 PM,326.72,16.336,9.1,False,False,True,False,Normal
122-61-9553,Giza,1,Female,Electronic accessories,51.32,9,23.094,484.974,3/14/2019,7:33:00 PM,461.88,23.094,5.6,False,False,True,False,Normal
468-88-0009,Alex,0,Male,Home and lifestyle,65.94,4,13.188,276.948,3/24/2019,10:29:00 AM,263.76,13.188,6.0,False,False,False,True,Member
613-59-9758,Giza,1,Female,Sports and travel,14.36,10,7.18,150.78,1/27/2019,2:28:00 PM,143.6,7.18,5.4,False,False,True,False,Normal
254-31-0042,Alex,0,Male,Electronic accessories,21.5,9,9.675,203.175,03-06-19,12:46:00 PM,193.5,9.675,7.8,True,False,False,True,Member
201-86-2184,Cairo,0,Female,Electronic accessories,26.26,7,9.191,193.011,02-02-19,7:40:00 PM,183.82,9.191,9.9,False,False,False,False,Member
261-12-8671,Cairo,1,Female,Fashion accessories,60.96,2,6.096,128.016,1/25/2019,7:39:00 PM,121.92,6.096,4.9,True,False,False,False,Normal
730-70-9830,Giza,1,Female,Home and lifestyle,70.11,6,21.033,441.693,3/14/2019,5:54:00 PM,420.66,21.033,5.2,False,True,True,False,Normal
382-25-8917,Giza,1,Male,Fashion accessories,42.08,6,12.624,265.104,1/29/2019,12:25:00 PM,252.48,12.624,8.9,False,False,True,False,Normal
422-29-8786,Alex,1,Female,Home and lifestyle,67.09,5,16.7725,352.2225,01-03-19,4:47:00 PM,335.45,16.7725,9.1,True,False,False,True,Normal
667-23-5919,Alex,0,Female,Fashion accessories,96.7,5,24.175,507.675,1/14/2019,12:52:00 PM,483.5,24.175,7.0,False,True,False,True,Member
843-01-4703,Cairo,0,Female,Home and lifestyle,35.38,9,15.921,334.341,01-05-19,7:50:00 PM,318.42,15.921,9.6,True,False,False,False,Member
743-88-1662,Giza,1,Male,Sports and travel,95.49,7,33.4215,701.8515,2/22/2019,6:17:00 PM,668.43,33.4215,8.7,False,True,True,False,Normal
595-86-2894,Giza,0,Male,Fashion accessories,96.98,4,19.396,407.316,02-06-19,5:20:00 PM,387.92,19.396,9.4,False,True,True,False,Member
182-69-8360,Cairo,1,Female,Electronic accessories,23.65,4,4.73,99.33,1/30/2019,1:32:00 PM,94.6,4.73,4.0,True,False,False,False,Normal
289-15-7034,Alex,0,Male,Sports and travel,82.33,4,16.466,345.786,01-11-19,10:37:00 AM,329.32,16.466,7.5,True,False,False,True,Member
462-78-5240,Giza,1,Female,Electronic accessories,26.61,2,2.661,55.881,3/19/2019,2:35:00 PM,53.22,2.661,4.2,False,False,True,False,Normal
868-52-7573,Cairo,1,Female,Food and beverages,99.69,5,24.9225,523.3725,1/14/2019,12:09:00 PM,498.45,24.9225,9.9,False,False,False,False,Normal
153-58-4872,Giza,0,Female,Food and beverages,74.89,4,14.978,314.538,03-01-19,3:32:00 PM,299.56,14.978,4.2,False,True,True,False,Member
662-72-2873,Alex,1,Female,Food and beverages,40.94,5,10.235,214.935,01-06-19,1:58:00 PM,204.7,10.235,9.9,False,True,False,True,Normal
525-88-7307,Cairo,0,Male,Sports and travel,75.82,1,3.791,79.611,1/31/2019,1:19:00 PM,75.82,3.791,5.8,False,False,False,False,Member
689-16-9784,Giza,1,Male,Food and beverages,46.77,6,14.031,294.651,03-11-19,1:37:00 PM,280.62,14.031,6.0,False,False,True,False,Normal
725-56-0833,Alex,1,Female,Health and beauty,32.32,10,16.16,339.36,2/20/2019,4:49:00 PM,323.2,16.16,10.0,True,False,False,True,Normal
394-41-0748,Giza,0,Female,Fashion accessories,54.07,9,24.3315,510.9615,1/27/2019,2:55:00 PM,486.63,24.3315,9.5,False,True,True,False,Member
596-42-3999,Cairo,1,Male,Food and beverages,18.22,7,6.377,133.917,03-10-19,2:04:00 PM,127.54,6.377,6.6,True,False,False,False,Normal
541-89-9860,Giza,0,Female,Fashion accessories,80.48,3,12.072,253.512,2/15/2019,12:31:00 PM,241.44,12.072,8.1,False,False,True,False,Member
173-82-9529,Cairo,1,Female,Fashion accessories,37.95,10,18.975,398.475,1/26/2019,2:51:00 PM,379.5,18.975,9.7,False,False,False,False,Normal
563-36-9814,Alex,0,Male,Electronic accessories,76.82,1,3.841,80.661,2/13/2019,6:27:00 PM,76.82,3.841,7.2,False,True,False,True,Member
308-47-4913,Alex,0,Female,Sports and travel,52.26,10,26.13,548.73,03-09-19,12:45:00 PM,522.6,26.13,6.2,True,False,False,True,Member
885-17-6250,Alex,1,Female,Health and beauty,79.74,1,3.987,83.727,03-06-19,10:36:00 AM,79.74,3.987,7.3,False,True,False,True,Normal
726-27-2396,Alex,1,Female,Health and beauty,77.5,5,19.375,406.875,1/24/2019,8:36:00 PM,387.5,19.375,4.3,False,True,False,True,Normal
316-01-3952,Alex,1,Female,Food and beverages,54.27,5,13.5675,284.9175,3/13/2019,2:16:00 PM,271.35,13.5675,4.6,False,True,False,True,Normal
760-54-1821,Cairo,1,Male,Home and lifestyle,13.59,9,6.1155,128.4255,3/15/2019,10:26:00 AM,122.31,6.1155,5.8,False,False,False,False,Normal
793-10-3222,Cairo,0,Female,Health and beauty,41.06,6,12.318,258.678,03-05-19,1:30:00 PM,246.36,12.318,8.3,True,False,False,False,Member
346-12-3257,Cairo,0,Male,Electronic accessories,19.24,9,8.658,181.818,03-04-19,4:28:00 PM,173.16,8.658,8.0,False,False,False,False,Member
110-05-6330,Giza,1,Female,Food and beverages,39.43,6,11.829,248.409,3/25/2019,8:18:00 PM,236.58,11.829,9.4,True,False,True,False,Normal
651-61-0874,Giza,1,Male,Home and lifestyle,46.22,4,9.244,194.124,03-12-19,8:04:00 PM,184.88,9.244,6.2,True,False,True,False,Normal
236-86-3015,Giza,0,Male,Home and lifestyle,13.98,1,0.699,14.679,02-04-19,1:38:00 PM,13.98,0.699,9.8,False,True,True,False,Member
831-64-0259,Cairo,1,Female,Fashion accessories,39.75,5,9.9375,208.6875,2/22/2019,10:43:00 AM,198.75,9.9375,9.6,False,True,False,False,Normal
587-03-7455,Giza,0,Female,Fashion accessories,97.79,7,34.2265,718.7565,2/16/2019,5:30:00 PM,684.53,34.2265,4.9,False,True,True,False,Member
882-40-4577,Alex,0,Male,Sports and travel,67.26,4,13.452,282.492,1/19/2019,3:28:00 PM,269.04,13.452,8.0,True,False,False,True,Member
732-67-5346,Alex,1,Male,Food and beverages,13.79,5,3.4475,72.3975,01-11-19,7:07:00 PM,68.95,3.4475,7.8,True,False,False,True,Normal
725-32-9708,Cairo,0,Female,Fashion accessories,68.71,4,13.742,288.582,01-04-19,7:01:00 PM,274.84,13.742,4.1,False,False,False,False,Member
256-08-8343,Alex,1,Female,Home and lifestyle,56.53,4,11.306,237.426,03-04-19,7:48:00 PM,226.12,11.306,5.5,False,True,False,True,Normal
372-26-1506,Giza,1,Female,Fashion accessories,23.82,5,5.955,125.055,1/28/2019,7:24:00 PM,119.1,5.955,5.4,False,True,True,False,Normal
244-08-0162,Cairo,1,Female,Health and beauty,34.21,10,17.105,359.205,01-02-19,1:00:00 PM,342.1,17.105,5.1,False,False,False,False,Normal
569-71-4390,Cairo,1,Male,Sports and travel,21.87,2,2.187,45.927,1/25/2019,2:29:00 PM,43.74,2.187,6.9,False,True,False,False,Normal
132-23-6451,Alex,0,Male,Health and beauty,20.97,5,5.2425,110.0925,01-04-19,1:21:00 PM,104.85,5.2425,7.8,False,False,False,True,Member
696-90-2548,Alex,1,Male,Sports and travel,25.84,3,3.876,81.396,03-10-19,6:55:00 PM,77.52,3.876,6.6,False,True,False,True,Normal
472-15-9636,Alex,1,Male,Home and lifestyle,50.93,8,20.372,427.812,3/22/2019,7:36:00 PM,407.44,20.372,9.2,False,True,False,True,Normal
268-03-6164,Cairo,1,Male,Health and beauty,96.11,1,4.8055,100.9155,1/25/2019,4:28:00 PM,96.11,4.8055,7.8,False,True,False,False,Normal
750-57-9686,Giza,1,Female,Home and lifestyle,45.38,4,9.076,190.596,01-08-19,1:48:00 PM,181.52,9.076,8.7,True,False,True,False,Normal
186-09-3669,Giza,0,Female,Health and beauty,81.51,1,4.0755,85.5855,1/22/2019,10:57:00 AM,81.51,4.0755,9.2,False,True,True,False,Member
848-07-1692,Cairo,1,Female,Health and beauty,57.22,2,5.722,120.162,01-12-19,5:13:00 PM,114.44,5.722,8.3,False,True,False,False,Normal
745-71-3520,Alex,0,Female,Electronic accessories,25.22,7,8.827,185.367,02-04-19,10:23:00 AM,176.54,8.827,8.2,False,False,False,True,Member
266-76-6436,Giza,0,Female,Food and beverages,38.6,3,5.79,121.59,3/28/2019,1:57:00 PM,115.8,5.79,7.5,False,True,True,False,Member
740-22-2500,Giza,1,Female,Electronic accessories,84.05,3,12.6075,264.7575,1/23/2019,1:29:00 PM,252.15,12.6075,9.8,False,False,True,False,Normal
271-88-8734,Giza,0,Female,Fashion accessories,97.21,10,48.605,1020.705,02-08-19,1:00:00 PM,972.1,48.605,8.7,True,False,True,False,Member
301-81-8610,Cairo,0,Male,Fashion accessories,25.42,8,10.168,213.528,3/19/2019,7:42:00 PM,203.36,10.168,6.7,True,False,False,False,Member
489-64-4354,Giza,1,Male,Fashion accessories,16.28,1,0.814,17.094,03-09-19,3:36:00 PM,16.28,0.814,5.0,False,False,True,False,Normal
198-84-7132,Cairo,0,Male,Fashion accessories,40.61,9,18.2745,383.7645,01-02-19,1:40:00 PM,365.49,18.2745,7.0,False,False,False,False,Member
269-10-8440,Alex,0,Male,Health and beauty,53.17,7,18.6095,390.7995,1/21/2019,6:01:00 PM,372.19,18.6095,8.9,False,False,False,True,Member
650-98-6268,Cairo,0,Female,Food and beverages,20.87,3,3.1305,65.7405,3/20/2019,1:53:00 PM,62.61,3.1305,8.0,True,False,False,False,Member
741-73-3559,Cairo,1,Male,Sports and travel,67.27,5,16.8175,353.1675,2/27/2019,5:27:00 PM,336.35,16.8175,6.9,False,False,False,False,Normal
325-77-6186,Alex,0,Female,Home and lifestyle,90.65,10,45.325,951.825,03-08-19,10:53:00 AM,906.5,45.325,7.3,False,True,False,True,Member
286-75-7818,Cairo,1,Male,Fashion accessories,69.08,2,6.908,145.068,1/31/2019,7:48:00 PM,138.16,6.908,6.9,True,False,False,False,Normal
574-57-9721,Giza,1,Male,Food and beverages,43.27,2,4.327,90.867,03-08-19,4:53:00 PM,86.54,4.327,5.7,False,True,True,False,Normal
459-50-7686,Alex,1,Female,Electronic accessories,23.46,6,7.038,147.798,1/13/2019,7:14:00 PM,140.76,7.038,6.4,False,True,False,True,Normal
616-87-0016,Cairo,1,Male,Fashion accessories,95.54,7,33.439,702.219,03-09-19,2:36:00 PM,668.78,33.439,9.6,True,False,False,False,Normal
837-55-7229,Cairo,1,Female,Fashion accessories,47.44,1,2.372,49.812,2/22/2019,6:19:00 PM,47.44,2.372,6.8,True,False,False,False,Normal
751-69-0068,Giza,1,Male,Sports and travel,99.24,9,44.658,937.818,3/19/2019,7:09:00 PM,893.16,44.658,9.0,False,True,True,False,Normal
257-73-1380,Giza,0,Male,Sports and travel,82.93,4,16.586,348.306,1/20/2019,4:51:00 PM,331.72,16.586,9.6,False,True,True,False,Member
345-08-4992,Alex,1,Male,Home and lifestyle,33.99,6,10.197,214.137,03-08-19,3:37:00 PM,203.94,10.197,7.7,True,False,False,True,Normal
549-96-4200,Giza,0,Male,Food and beverages,17.04,4,3.408,71.568,03-08-19,8:15:00 PM,68.16,3.408,7.0,False,True,True,False,Member
810-60-6344,Giza,1,Female,Electronic accessories,40.86,8,16.344,343.224,02-07-19,2:38:00 PM,326.88,16.344,6.5,True,False,True,False,Normal
450-28-2866,Giza,0,Male,Food and beverages,17.44,5,4.36,91.56,1/15/2019,7:25:00 PM,87.2,4.36,8.1,False,False,True,False,Member
394-30-3170,Cairo,0,Female,Sports and travel,88.43,8,35.372,742.812,3/22/2019,7:35:00 PM,707.44,35.372,4.3,True,False,False,False,Member
138-17-5109,Alex,0,Female,Home and lifestyle,89.21,9,40.1445,843.0345,1/15/2019,3:42:00 PM,802.89,40.1445,6.5,True,False,False,True,Member
192-98-7397,Giza,1,Male,Fashion accessories,12.78,1,0.639,13.419,01-08-19,2:11:00 PM,12.78,0.639,9.5,False,True,True,False,Normal
301-11-9629,Alex,1,Female,Sports and travel,19.1,7,6.685,140.385,1/15/2019,10:43:00 AM,133.7,6.685,9.7,False,False,False,True,Normal
390-80-5128,Cairo,0,Female,Health and beauty,19.15,1,0.9575,20.1075,1/28/2019,5:58:00 PM,19.15,0.9575,9.5,True,False,False,False,Member
235-46-8343,Giza,0,Male,Food and beverages,27.66,10,13.83,290.43,2/14/2019,11:26:00 AM,276.6,13.83,8.9,True,False,True,False,Member
453-12-7053,Giza,1,Male,Fashion accessories,45.74,3,6.861,144.081,03-10-19,5:38:00 PM,137.22,6.861,6.5,True,False,True,False,Normal
296-11-7041,Cairo,0,Female,Health and beauty,27.07,1,1.3535,28.4235,01-12-19,8:07:00 PM,27.07,1.3535,5.3,True,False,False,False,Member
449-27-2918,Cairo,0,Female,Sports and travel,39.12,1,1.956,41.076,3/26/2019,11:02:00 AM,39.12,1.956,9.6,True,False,False,False,Member
891-01-7034,Cairo,1,Female,Electronic accessories,74.71,6,22.413,470.673,01-01-19,7:07:00 PM,448.26,22.413,6.7,False,False,False,False,Normal
744-09-5786,Cairo,1,Male,Electronic accessories,22.01,6,6.603,138.663,01-02-19,6:50:00 PM,132.06,6.603,7.6,False,False,False,False,Normal
727-17-0390,Alex,1,Female,Food and beverages,63.61,5,15.9025,333.9525,3/16/2019,12:43:00 PM,318.05,15.9025,4.8,False,True,False,True,Normal
568-88-3448,Alex,1,Male,Health and beauty,25.0,1,1.25,26.25,03-03-19,3:09:00 PM,25.0,1.25,5.5,False,True,False,True,Normal
187-83-5490,Alex,0,Male,Electronic accessories,20.77,4,4.154,87.234,1/31/2019,1:47:00 PM,83.08,4.154,4.7,False,False,False,True,Member
767-54-1907,Cairo,0,Female,Fashion accessories,29.56,5,7.39,155.19,2/13/2019,4:59:00 PM,147.8,7.39,6.9,False,False,False,False,Member
710-46-4433,Cairo,0,Female,Food and beverages,77.4,9,34.83,731.43,2/15/2019,2:15:00 PM,696.6,34.83,4.5,True,False,False,False,Member
533-33-5337,Cairo,1,Male,Electronic accessories,79.39,10,39.695,833.595,02-07-19,8:24:00 PM,793.9,39.695,6.2,False,False,False,False,Normal
325-90-8763,Giza,0,Female,Electronic accessories,46.57,10,23.285,488.985,1/27/2019,1:58:00 PM,465.7,23.285,7.6,False,False,True,False,Member
729-46-7422,Giza,1,Male,Food and beverages,35.89,1,1.7945,37.6845,2/23/2019,4:52:00 PM,35.89,1.7945,7.9,True,False,True,False,Normal
639-76-1242,Giza,1,Male,Food and beverages,40.52,5,10.13,212.73,02-03-19,3:19:00 PM,202.6,10.13,4.5,False,False,True,False,Normal
234-03-4040,Cairo,0,Female,Food and beverages,73.05,10,36.525,767.025,03-03-19,12:25:00 PM,730.5,36.525,8.7,True,False,False,False,Member
326-71-2155,Giza,1,Female,Sports and travel,73.95,4,14.79,310.59,02-03-19,10:02:00 AM,295.8,14.79,6.1,False,False,True,False,Normal
320-32-8842,Giza,0,Female,Food and beverages,22.62,1,1.131,23.751,3/17/2019,6:58:00 PM,22.62,1.131,6.4,False,False,True,False,Member
470-32-9057,Alex,0,Male,Food and beverages,51.34,5,12.835,269.535,3/28/2019,3:31:00 PM,256.7,12.835,9.1,True,False,False,True,Member
878-30-2331,Giza,0,Female,Sports and travel,54.55,10,27.275,572.775,03-02-19,11:22:00 AM,545.5,27.275,7.1,True,False,True,False,Member
440-59-5691,Giza,0,Female,Health and beauty,37.15,7,13.0025,273.0525,02-08-19,1:12:00 PM,260.05,13.0025,7.7,True,False,True,False,Member
554-53-3790,Cairo,1,Male,Sports and travel,37.02,6,11.106,233.226,3/22/2019,6:33:00 PM,222.12,11.106,4.5,False,False,False,False,Normal
746-19-0921,Giza,1,Male,Food and beverages,21.58,1,1.079,22.659,02-09-19,10:02:00 AM,21.58,1.079,7.2,False,True,True,False,Normal
233-34-0817,Giza,0,Female,Electronic accessories,98.84,1,4.942,103.782,2/15/2019,11:21:00 AM,98.84,4.942,8.4,False,False,True,False,Member
767-05-1286,Giza,0,Female,Home and lifestyle,83.77,6,25.131,527.751,1/23/2019,12:10:00 PM,502.62,25.131,5.4,False,True,True,False,Member
340-21-9136,Alex,0,Female,Sports and travel,40.05,4,8.01,168.21,1/25/2019,11:40:00 AM,160.2,8.01,9.7,False,False,False,True,Member
405-31-3305,Alex,0,Male,Fashion accessories,43.13,10,21.565,452.865,02-02-19,6:31:00 PM,431.3,21.565,5.5,True,False,False,True,Member
731-59-7531,Cairo,0,Male,Health and beauty,72.57,8,29.028,609.588,3/30/2019,5:58:00 PM,580.56,29.028,4.6,False,False,False,False,Member
676-39-6028,Alex,0,Female,Electronic accessories,64.44,5,16.11,338.31,3/30/2019,5:04:00 PM,322.2,16.11,6.6,False,False,False,True,Member
502-05-1910,Alex,1,Male,Health and beauty,65.18,3,9.777,205.317,2/25/2019,8:35:00 PM,195.54,9.777,6.3,True,False,False,True,Normal
485-30-8700,Alex,1,Female,Sports and travel,33.26,5,8.315,174.615,3/18/2019,4:10:00 PM,166.3,8.315,4.2,True,False,False,True,Normal
598-47-9715,Giza,1,Male,Electronic accessories,84.07,4,16.814,353.094,03-07-19,4:54:00 PM,336.28,16.814,4.4,False,True,True,False,Normal
701-69-8742,Cairo,1,Male,Sports and travel,34.37,10,17.185,360.885,3/16/2019,10:11:00 AM,343.7,17.185,6.7,False,True,False,False,Normal
575-67-1508,Alex,1,Male,Electronic accessories,38.6,1,1.93,40.53,1/29/2019,11:26:00 AM,38.6,1.93,6.7,False,True,False,True,Normal
541-08-3113,Giza,1,Male,Food and beverages,65.97,8,26.388,554.148,02-02-19,8:29:00 PM,527.76,26.388,8.4,False,False,True,False,Normal
246-11-3901,Giza,1,Female,Electronic accessories,32.8,10,16.4,344.4,2/15/2019,12:12:00 PM,328.0,16.4,6.2,False,False,True,False,Normal
674-15-9296,Alex,1,Male,Sports and travel,37.14,5,9.285,194.985,01-08-19,1:05:00 PM,185.7,9.285,5.0,False,True,False,True,Normal
305-18-3552,Cairo,0,Male,Home and lifestyle,60.38,10,30.19,633.99,02-12-19,4:19:00 PM,603.8,30.19,6.0,False,False,False,False,Member
493-65-6248,Giza,0,Female,Sports and travel,36.98,10,18.49,388.29,01-01-19,7:48:00 PM,369.8,18.49,7.0,True,False,True,False,Member
438-01-4015,Cairo,0,Female,Sports and travel,49.49,4,9.898,207.858,3/21/2019,3:25:00 PM,197.96,9.898,6.6,False,True,False,False,Member
709-58-4068,Cairo,1,Female,Fashion accessories,41.09,10,20.545,431.445,2/28/2019,2:42:00 PM,410.9,20.545,7.3,False,False,False,False,Normal
795-49-7276,Alex,1,Male,Fashion accessories,37.15,4,7.43,156.03,3/23/2019,6:59:00 PM,148.6,7.43,8.3,False,True,False,True,Normal
556-72-8512,Giza,1,Male,Home and lifestyle,22.96,1,1.148,24.108,1/30/2019,8:47:00 PM,22.96,1.148,4.3,False,False,True,False,Normal
627-95-3243,Cairo,0,Female,Home and lifestyle,77.68,9,34.956,734.076,02-04-19,1:21:00 PM,699.12,34.956,9.8,False,True,False,False,Member
686-41-0932,Cairo,1,Female,Fashion accessories,34.7,2,3.47,72.87,3/13/2019,7:48:00 PM,69.4,3.47,8.2,False,True,False,False,Normal
510-09-5628,Alex,0,Female,Fashion accessories,19.66,10,9.83,206.43,3/15/2019,6:20:00 PM,196.6,9.83,7.2,True,False,False,True,Member
608-04-3797,Cairo,0,Female,Health and beauty,25.32,8,10.128,212.688,03-05-19,8:24:00 PM,202.56,10.128,8.7,False,True,False,False,Member
148-82-2527,Giza,0,Female,Home and lifestyle,12.12,10,6.06,127.26,03-05-19,1:44:00 PM,121.2,6.06,8.4,True,False,True,False,Member
437-53-3084,Cairo,1,Male,Fashion accessories,99.89,2,9.989,209.769,2/26/2019,11:48:00 AM,199.78,9.989,7.1,False,True,False,False,Normal
632-32-4574,Cairo,1,Male,Sports and travel,75.92,8,30.368,637.728,3/20/2019,2:14:00 PM,607.36,30.368,5.5,False,False,False,False,Normal
556-97-7101,Giza,1,Female,Electronic accessories,63.22,2,6.322,132.762,01-01-19,3:51:00 PM,126.44,6.322,8.5,False,False,True,False,Normal
862-59-8517,Giza,1,Female,Food and beverages,90.24,6,27.072,568.512,1/27/2019,11:17:00 AM,541.44,27.072,6.2,False,False,True,False,Normal
401-18-8016,Cairo,0,Female,Sports and travel,98.13,1,4.9065,103.0365,1/21/2019,5:36:00 PM,98.13,4.9065,8.9,False,False,False,False,Member
420-18-8989,Alex,0,Female,Sports and travel,51.52,8,20.608,432.768,02-02-19,3:47:00 PM,412.16,20.608,9.6,False,False,False,True,Member
277-63-2961,Cairo,0,Male,Sports and travel,73.97,1,3.6985,77.6685,02-03-19,3:53:00 PM,73.97,3.6985,5.4,True,False,False,False,Member
573-98-8548,Giza,0,Female,Fashion accessories,31.9,1,1.595,33.495,01-05-19,12:40:00 PM,31.9,1.595,9.1,False,True,True,False,Member
620-02-2046,Giza,1,Male,Home and lifestyle,69.4,2,6.94,145.74,1/27/2019,7:48:00 PM,138.8,6.94,9.0,False,True,True,False,Normal
282-35-2475,Cairo,1,Female,Sports and travel,93.31,2,9.331,195.951,3/25/2019,5:53:00 PM,186.62,9.331,6.3,False,False,False,False,Normal
511-54-3087,Cairo,1,Male,Sports and travel,88.45,1,4.4225,92.8725,2/25/2019,4:36:00 PM,88.45,4.4225,9.5,True,False,False,False,Normal
726-29-6793,Alex,0,Male,Electronic accessories,24.18,8,9.672,203.112,1/28/2019,8:54:00 PM,193.44,9.672,9.8,False,True,False,True,Member
387-49-4215,Cairo,0,Female,Sports and travel,48.5,3,7.275,152.775,01-08-19,12:50:00 PM,145.5,7.275,6.7,False,False,False,False,Member
862-17-9201,Cairo,1,Female,Food and beverages,84.05,6,25.215,529.515,1/29/2019,10:48:00 AM,504.3,25.215,7.7,True,False,False,False,Normal
291-21-5991,Cairo,0,Male,Health and beauty,61.29,5,15.3225,321.7725,3/29/2019,2:28:00 PM,306.45,15.3225,7.0,False,False,False,False,Member
602-80-9671,Giza,0,Female,Home and lifestyle,15.95,6,4.785,100.485,02-09-19,5:15:00 PM,95.7,4.785,5.1,True,False,True,False,Member
347-72-6115,Cairo,0,Female,Sports and travel,90.74,7,31.759,666.939,1/16/2019,6:03:00 PM,635.18,31.759,6.2,True,False,False,False,Member
209-61-0206,Alex,1,Female,Home and lifestyle,42.91,5,10.7275,225.2775,01-05-19,5:29:00 PM,214.55,10.7275,6.1,False,True,False,True,Normal
595-27-4851,Alex,1,Female,Fashion accessories,54.28,7,18.998,398.958,1/27/2019,6:05:00 PM,379.96,18.998,9.3,False,True,False,True,Normal
189-52-0236,Alex,1,Male,Electronic accessories,99.55,7,34.8425,731.6925,3/14/2019,12:07:00 PM,696.85,34.8425,7.6,False,False,False,True,Normal
503-07-0930,Giza,0,Male,Sports and travel,58.39,7,20.4365,429.1665,2/23/2019,7:49:00 PM,408.73,20.4365,8.2,True,False,True,False,Member
413-20-6708,Giza,0,Female,Fashion accessories,51.47,1,2.5735,54.0435,3/18/2019,3:52:00 PM,51.47,2.5735,8.5,False,True,True,False,Member
425-85-2085,Cairo,0,Male,Health and beauty,54.86,5,13.715,288.015,3/29/2019,4:48:00 PM,274.3,13.715,9.8,False,True,False,False,Member
521-18-7827,Giza,0,Male,Home and lifestyle,39.39,5,9.8475,206.7975,1/22/2019,8:46:00 PM,196.95,9.8475,8.7,True,False,True,False,Member
220-28-1851,Alex,1,Male,Home and lifestyle,34.73,2,3.473,72.933,03-01-19,6:14:00 PM,69.46,3.473,9.7,False,True,False,True,Normal
600-38-9738,Giza,0,Male,Sports and travel,71.92,5,17.98,377.58,1/17/2019,3:05:00 PM,359.6,17.98,4.3,True,False,True,False,Member
734-91-1155,Cairo,1,Female,Electronic accessories,45.71,3,6.8565,143.9865,3/26/2019,10:34:00 AM,137.13,6.8565,7.7,True,False,False,False,Normal
451-28-5717,Giza,0,Female,Home and lifestyle,83.17,6,24.951,523.971,3/20/2019,11:23:00 AM,499.02,24.951,7.3,False,False,True,False,Member
609-81-8548,Alex,0,Female,Home and lifestyle,37.44,6,11.232,235.872,02-06-19,1:55:00 PM,224.64,11.232,5.9,True,False,False,True,Member
133-14-7229,Giza,1,Male,Health and beauty,62.87,2,6.287,132.027,01-01-19,11:43:00 AM,125.74,6.287,5.0,False,False,True,False,Normal
534-01-4457,Alex,1,Male,Food and beverages,81.71,6,24.513,514.773,1/27/2019,2:36:00 PM,490.26,24.513,8.0,True,False,False,True,Normal
719-89-8991,Alex,0,Female,Sports and travel,91.41,5,22.8525,479.9025,2/25/2019,4:03:00 PM,457.05,22.8525,7.1,False,True,False,True,Member
286-62-6248,Cairo,1,Male,Fashion accessories,39.21,4,7.842,164.682,1/16/2019,8:03:00 PM,156.84,7.842,9.0,True,False,False,False,Normal
339-38-9982,Cairo,0,Male,Fashion accessories,59.86,2,5.986,125.706,1/13/2019,2:55:00 PM,119.72,5.986,6.7,False,True,False,False,Member
827-44-5872,Cairo,0,Female,Food and beverages,54.36,10,27.18,570.78,02-07-19,11:28:00 AM,543.6,27.18,6.1,True,False,False,False,Member
827-77-7633,Alex,1,Male,Sports and travel,98.09,9,44.1405,926.9505,2/17/2019,7:41:00 PM,882.81,44.1405,9.3,False,False,False,True,Normal
287-83-1405,Alex,1,Male,Health and beauty,25.43,6,7.629,160.209,02-12-19,7:01:00 PM,152.58,7.629,7.0,False,True,False,True,Normal
435-13-4908,Alex,0,Male,Fashion accessories,86.68,8,34.672,728.112,1/24/2019,6:04:00 PM,693.44,34.672,7.2,True,False,False,True,Member
857-67-9057,Cairo,1,Male,Electronic accessories,22.95,10,11.475,240.975,02-06-19,7:20:00 PM,229.5,11.475,8.2,False,True,False,False,Normal
236-27-1144,Giza,1,Female,Food and beverages,16.31,9,7.3395,154.1295,3/26/2019,10:31:00 AM,146.79,7.3395,8.4,False,True,True,False,Normal
892-05-6689,Alex,1,Female,Home and lifestyle,28.32,5,7.08,148.68,03-11-19,1:28:00 PM,141.6,7.08,6.2,False,True,False,True,Normal
583-41-4548,Giza,1,Male,Home and lifestyle,16.67,7,5.8345,122.5245,02-07-19,11:36:00 AM,116.69,5.8345,7.4,False,True,True,False,Normal
339-12-4827,Cairo,0,Female,Fashion accessories,73.96,1,3.698,77.658,01-05-19,11:32:00 AM,73.96,3.698,5.0,True,False,False,False,Member
643-38-7867,Alex,1,Male,Home and lifestyle,97.94,1,4.897,102.837,03-07-19,11:44:00 AM,97.94,4.897,6.9,False,True,False,True,Normal
308-81-0538,Alex,1,Female,Fashion accessories,73.05,4,14.61,306.81,2/25/2019,5:16:00 PM,292.2,14.61,4.9,True,False,False,True,Normal
358-88-9262,Giza,0,Female,Food and beverages,87.48,6,26.244,551.124,02-01-19,6:43:00 PM,524.88,26.244,5.1,False,True,True,False,Member
460-35-4390,Alex,1,Male,Home and lifestyle,30.68,3,4.602,96.642,1/22/2019,11:00:00 AM,92.04,4.602,9.1,False,True,False,True,Normal
343-87-0864,Giza,0,Male,Health and beauty,75.88,1,3.794,79.674,01-03-19,10:30:00 AM,75.88,3.794,7.1,True,False,True,False,Member
173-50-1108,Cairo,0,Female,Sports and travel,20.18,4,4.036,84.756,2/13/2019,12:14:00 PM,80.72,4.036,5.0,True,False,False,False,Member
243-47-2663,Giza,0,Male,Electronic accessories,18.77,6,5.631,118.251,1/28/2019,4:43:00 PM,112.62,5.631,5.5,True,False,True,False,Member
841-18-8232,Cairo,1,Female,Food and beverages,71.2,1,3.56,74.76,01-05-19,8:40:00 PM,71.2,3.56,9.2,True,False,False,False,Normal
701-23-5550,Cairo,0,Male,Home and lifestyle,38.81,4,7.762,163.002,3/19/2019,1:40:00 PM,155.24,7.762,4.9,False,True,False,False,Member
647-50-1224,Alex,1,Female,Fashion accessories,29.42,10,14.71,308.91,01-12-19,4:23:00 PM,294.2,14.71,8.9,False,True,False,True,Normal
541-48-8554,Alex,1,Male,Sports and travel,60.95,9,27.4275,575.9775,01-07-19,12:08:00 PM,548.55,27.4275,6.0,True,False,False,True,Normal
539-21-7227,Cairo,1,Female,Sports and travel,51.54,5,12.885,270.585,1/26/2019,5:45:00 PM,257.7,12.885,4.2,False,False,False,False,Normal
213-32-1216,Alex,1,Female,Electronic accessories,66.06,6,19.818,416.178,1/23/2019,10:28:00 AM,396.36,19.818,7.3,False,False,False,True,Normal
747-58-7183,Cairo,1,Male,Fashion accessories,57.27,3,8.5905,180.4005,02-09-19,8:31:00 PM,171.81,8.5905,6.5,False,True,False,False,Normal
582-52-8065,Cairo,1,Female,Fashion accessories,54.31,9,24.4395,513.2295,2/22/2019,10:49:00 AM,488.79,24.4395,8.9,False,False,False,False,Normal
210-57-1719,Cairo,1,Female,Health and beauty,58.24,9,26.208,550.368,02-05-19,12:34:00 PM,524.16,26.208,9.7,False,False,False,False,Normal
399-69-4630,Giza,1,Male,Electronic accessories,22.21,6,6.663,139.923,03-07-19,10:23:00 AM,133.26,6.663,8.6,True,False,True,False,Normal
134-75-2619,Alex,0,Male,Electronic accessories,19.32,7,6.762,142.002,3/25/2019,6:51:00 PM,135.24,6.762,6.9,False,False,False,True,Member
356-44-8813,Cairo,1,Male,Home and lifestyle,37.48,3,5.622,118.062,1/20/2019,1:45:00 PM,112.44,5.622,7.7,True,False,False,False,Normal
198-66-9832,Cairo,0,Female,Fashion accessories,72.04,2,7.204,151.284,02-04-19,7:38:00 PM,144.08,7.204,9.5,False,False,False,False,Member
283-26-5248,Giza,0,Female,Food and beverages,98.52,10,49.26,1034.46,1/30/2019,8:23:00 PM,985.2,49.26,4.5,False,True,True,False,Member
712-39-0363,Alex,0,Male,Food and beverages,41.66,6,12.498,262.458,01-02-19,3:24:00 PM,249.96,12.498,5.6,False,True,False,True,Member
218-59-9410,Alex,0,Female,Home and lifestyle,72.42,3,10.863,228.123,3/29/2019,4:54:00 PM,217.26,10.863,8.2,False,True,False,True,Member
174-75-0888,Cairo,1,Male,Electronic accessories,21.58,9,9.711,203.931,3/14/2019,12:32:00 PM,194.22,9.711,7.3,False,False,False,False,Normal
866-99-7614,Giza,1,Male,Food and beverages,89.2,10,44.6,936.6,02-11-19,3:42:00 PM,892.0,44.6,4.4,True,False,True,False,Normal
134-54-4720,Cairo,1,Female,Electronic accessories,42.42,8,16.968,356.328,1/30/2019,1:58:00 PM,339.36,16.968,5.7,False,True,False,False,Normal
760-90-2357,Alex,0,Male,Electronic accessories,74.51,6,22.353,469.413,3/20/2019,3:08:00 PM,447.06,22.353,5.0,False,True,False,True,Member
514-37-2845,Cairo,1,Male,Fashion accessories,99.25,2,9.925,208.425,3/20/2019,1:02:00 PM,198.5,9.925,9.0,False,False,False,False,Normal
698-98-5964,Alex,1,Female,Food and beverages,81.21,10,40.605,852.705,1/17/2019,1:01:00 PM,812.1,40.605,6.3,True,False,False,True,Normal
718-57-9773,Giza,1,Female,Sports and travel,49.33,10,24.665,517.965,02-03-19,4:40:00 PM,493.3,24.665,9.4,True,False,True,False,Normal
651-88-7328,Alex,1,Female,Fashion accessories,65.74,9,29.583,621.243,01-01-19,1:55:00 PM,591.66,29.583,7.7,False,False,False,True,Normal
241-11-2261,Cairo,1,Female,Fashion accessories,79.86,7,27.951,586.971,01-10-19,10:33:00 AM,559.02,27.951,5.5,True,False,False,False,Normal
408-26-9866,Giza,1,Female,Sports and travel,73.98,7,25.893,543.753,03-02-19,4:42:00 PM,517.86,25.893,4.1,False,True,True,False,Normal
834-83-1826,Cairo,0,Female,Home and lifestyle,82.04,5,20.51,430.71,2/25/2019,5:16:00 PM,410.2,20.51,7.6,True,False,False,False,Member
343-61-3544,Cairo,0,Male,Sports and travel,26.67,10,13.335,280.035,1/29/2019,11:48:00 AM,266.7,13.335,8.6,False,False,False,False,Member
239-48-4278,Alex,0,Male,Food and beverages,10.13,7,3.5455,74.4555,03-10-19,7:35:00 PM,70.91,3.5455,8.3,False,True,False,True,Member
355-34-6244,Cairo,1,Male,Food and beverages,72.39,2,7.239,152.019,1/13/2019,7:55:00 PM,144.78,7.239,8.1,True,False,False,False,Normal
550-84-8664,Alex,1,Male,Sports and travel,85.91,5,21.4775,451.0275,3/22/2019,2:33:00 PM,429.55,21.4775,8.6,True,False,False,True,Normal
339-96-8318,Cairo,0,Male,Fashion accessories,81.31,7,28.4585,597.6285,03-01-19,7:49:00 PM,569.17,28.4585,6.3,False,True,False,False,Member
458-61-0011,Cairo,1,Male,Food and beverages,60.3,4,12.06,253.26,2/20/2019,6:43:00 PM,241.2,12.06,5.8,False,False,False,False,Normal
592-34-6155,Giza,1,Male,Food and beverages,31.77,4,6.354,133.434,1/14/2019,2:43:00 PM,127.08,6.354,6.2,False,True,True,False,Normal
797-88-0493,Alex,1,Female,Health and beauty,64.27,4,12.854,269.934,3/26/2019,1:54:00 PM,257.08,12.854,7.7,False,False,False,True,Normal
207-73-1363,Cairo,1,Male,Health and beauty,69.51,2,6.951,145.971,03-01-19,12:15:00 PM,139.02,6.951,8.1,False,True,False,False,Normal
390-31-6381,Giza,1,Male,Food and beverages,27.22,3,4.083,85.743,01-07-19,12:37:00 PM,81.66,4.083,7.3,False,False,True,False,Normal
443-82-0585,Alex,0,Female,Health and beauty,77.68,4,15.536,326.256,02-01-19,7:54:00 PM,310.72,15.536,8.4,False,False,False,True,Member
339-18-7061,Giza,0,Female,Fashion accessories,92.98,2,9.298,195.258,2/13/2019,3:06:00 PM,185.96,9.298,8.0,True,False,True,False,Member
359-90-3665,Cairo,0,Female,Fashion accessories,18.08,4,3.616,75.936,1/14/2019,6:03:00 PM,72.32,3.616,9.5,True,False,False,False,Member
375-72-3056,Cairo,1,Male,Sports and travel,63.06,3,9.459,198.639,1/19/2019,3:58:00 PM,189.18,9.459,7.0,False,True,False,False,Normal
127-47-6963,Alex,1,Male,Health and beauty,51.71,4,10.342,217.182,03-09-19,1:53:00 PM,206.84,10.342,9.8,True,False,False,True,Normal
278-86-2735,Alex,1,Female,Food and beverages,52.34,3,7.851,164.871,3/27/2019,2:03:00 PM,157.02,7.851,9.2,False,False,False,True,Normal
695-28-6250,Alex,1,Female,Sports and travel,43.06,5,10.765,226.065,02-04-19,4:38:00 PM,215.3,10.765,7.7,False,True,False,True,Normal
379-17-6588,Giza,1,Male,Fashion accessories,59.61,10,29.805,625.905,3/14/2019,11:07:00 AM,596.1,29.805,5.3,False,False,True,False,Normal
227-50-3718,Alex,1,Male,Health and beauty,14.62,5,3.655,76.755,03-04-19,12:23:00 PM,73.1,3.655,4.4,False,False,False,True,Normal
302-15-2162,Giza,0,Male,Health and beauty,46.53,6,13.959,293.139,03-03-19,10:54:00 AM,279.18,13.959,4.3,True,False,True,False,Member
788-07-8452,Giza,0,Female,Home and lifestyle,24.24,7,8.484,178.164,1/27/2019,5:38:00 PM,169.68,8.484,9.4,False,True,True,False,Member
560-49-6611,Alex,0,Female,Sports and travel,45.58,1,2.279,47.859,02-07-19,2:13:00 PM,45.58,2.279,9.8,False,False,False,True,Member
880-35-0356,Alex,0,Female,Sports and travel,75.2,3,11.28,236.88,02-05-19,11:51:00 AM,225.6,11.28,4.8,False,True,False,True,Member
585-11-6748,Cairo,0,Male,Sports and travel,96.8,3,14.52,304.92,3/15/2019,1:05:00 PM,290.4,14.52,5.3,False,False,False,False,Member
470-31-3286,Cairo,1,Male,Health and beauty,14.82,3,2.223,46.683,03-01-19,11:30:00 AM,44.46,2.223,8.7,True,False,False,False,Normal
152-68-2907,Alex,1,Male,Food and beverages,52.2,3,7.83,164.43,2/15/2019,1:30:00 PM,156.6,7.83,9.5,True,False,False,True,Normal
123-35-4896,Giza,1,Female,Sports and travel,46.66,9,20.997,440.937,2/17/2019,7:11:00 PM,419.94,20.997,5.3,False,True,True,False,Normal
258-69-7810,Giza,1,Female,Fashion accessories,36.85,5,9.2125,193.4625,1/26/2019,6:53:00 PM,184.25,9.2125,9.2,False,False,True,False,Normal
334-64-2006,Alex,0,Female,Home and lifestyle,70.32,2,7.032,147.672,3/24/2019,2:22:00 PM,140.64,7.032,9.6,False,True,False,True,Member
219-61-4139,Giza,1,Male,Electronic accessories,83.08,1,4.154,87.234,1/23/2019,5:16:00 PM,83.08,4.154,6.4,False,True,True,False,Normal
881-41-7302,Giza,1,Female,Fashion accessories,64.99,1,3.2495,68.2395,1/26/2019,10:06:00 AM,64.99,3.2495,4.5,True,False,True,False,Normal
373-09-4567,Giza,1,Male,Food and beverages,77.56,10,38.78,814.38,3/14/2019,8:35:00 PM,775.6,38.78,6.9,False,True,True,False,Normal
642-30-6693,Cairo,1,Female,Sports and travel,54.51,6,16.353,343.413,3/17/2019,1:54:00 PM,327.06,16.353,7.8,False,True,False,False,Normal
484-22-8230,Giza,0,Female,Fashion accessories,51.89,7,18.1615,381.3915,01-08-19,8:08:00 PM,363.23,18.1615,4.5,False,False,True,False,Member
830-58-2383,Cairo,1,Male,Home and lifestyle,31.75,4,6.35,133.35,02-08-19,3:26:00 PM,127.0,6.35,8.6,False,False,False,False,Normal
559-98-9873,Alex,0,Female,Fashion accessories,53.65,7,18.7775,394.3275,02-10-19,12:56:00 PM,375.55,18.7775,5.2,False,True,False,True,Member
544-32-5024,Giza,0,Female,Food and beverages,49.79,4,9.958,209.118,3/28/2019,7:16:00 PM,199.16,9.958,6.4,True,False,True,False,Member
318-12-0304,Alex,1,Male,Fashion accessories,30.61,1,1.5305,32.1405,1/23/2019,12:20:00 PM,30.61,1.5305,5.2,False,True,False,True,Normal
349-97-8902,Cairo,0,Male,Food and beverages,57.89,2,5.789,121.569,1/17/2019,10:37:00 AM,115.78,5.789,8.9,False,True,False,False,Member
421-95-9805,Alex,1,Female,Electronic accessories,28.96,1,1.448,30.408,02-07-19,10:18:00 AM,28.96,1.448,6.2,True,False,False,True,Normal
277-35-5865,Giza,0,Female,Food and beverages,98.97,9,44.5365,935.2665,03-09-19,11:23:00 AM,890.73,44.5365,6.7,False,False,True,False,Member
789-23-8625,Cairo,0,Male,Fashion accessories,93.22,3,13.983,293.643,1/24/2019,11:45:00 AM,279.66,13.983,7.2,False,False,False,False,Member
284-54-4231,Giza,0,Male,Sports and travel,80.93,1,4.0465,84.9765,1/19/2019,4:08:00 PM,80.93,4.0465,9.0,True,False,True,False,Member
443-59-0061,Alex,0,Male,Food and beverages,67.45,10,33.725,708.225,02-03-19,11:25:00 AM,674.5,33.725,4.2,False,True,False,True,Member
509-29-3912,Alex,0,Female,Sports and travel,38.72,9,17.424,365.904,3/20/2019,12:24:00 PM,348.48,17.424,4.2,False,True,False,True,Member
327-40-9673,Cairo,0,Male,Sports and travel,72.6,6,21.78,457.38,1/13/2019,7:51:00 PM,435.6,21.78,6.9,False,False,False,False,Member
840-19-2096,Giza,0,Male,Electronic accessories,87.91,5,21.9775,461.5275,3/14/2019,6:10:00 PM,439.55,21.9775,4.4,False,True,True,False,Member
828-46-6863,Alex,0,Male,Food and beverages,98.53,6,29.559,620.739,1/23/2019,11:22:00 AM,591.18,29.559,4.0,True,False,False,True,Member
641-96-3695,Giza,0,Female,Fashion accessories,43.46,6,13.038,273.798,02-07-19,5:55:00 PM,260.76,13.038,8.5,False,True,True,False,Member
420-97-3340,Alex,1,Female,Food and beverages,71.68,3,10.752,225.792,3/28/2019,3:30:00 PM,215.04,10.752,9.2,True,False,False,True,Normal
436-54-4512,Alex,0,Female,Food and beverages,91.61,1,4.5805,96.1905,3/20/2019,7:44:00 PM,91.61,4.5805,9.8,False,False,False,True,Member
670-79-6321,Cairo,0,Female,Home and lifestyle,94.59,7,33.1065,695.2365,1/17/2019,3:27:00 PM,662.13,33.1065,4.9,True,False,False,False,Member
852-62-7105,Cairo,1,Female,Fashion accessories,83.25,10,41.625,874.125,01-12-19,11:25:00 AM,832.5,41.625,4.4,True,False,False,False,Normal
598-06-7312,Cairo,0,Male,Fashion accessories,91.35,1,4.5675,95.9175,2/16/2019,3:42:00 PM,91.35,4.5675,6.8,False,False,False,False,Member
135-13-8269,Cairo,0,Female,Food and beverages,78.88,2,7.888,165.648,1/26/2019,4:04:00 PM,157.76,7.888,9.1,False,False,False,False,Member
816-57-2053,Alex,1,Male,Sports and travel,60.87,2,6.087,127.827,03-09-19,12:37:00 PM,121.74,6.087,8.7,False,True,False,True,Normal
628-90-8624,Cairo,0,Male,Health and beauty,82.58,10,41.29,867.09,3/14/2019,2:41:00 PM,825.8,41.29,5.0,False,False,False,False,Member
856-66-2701,Alex,0,Male,Home and lifestyle,53.3,3,7.995,167.895,1/25/2019,2:19:00 PM,159.9,7.995,7.5,False,True,False,True,Member
308-39-1707,Alex,1,Female,Fashion accessories,12.09,1,0.6045,12.6945,1/26/2019,6:19:00 PM,12.09,0.6045,8.2,True,False,False,True,Normal
149-61-1929,Alex,1,Male,Sports and travel,64.19,10,32.095,673.995,1/19/2019,2:08:00 PM,641.9,32.095,6.7,True,False,False,True,Normal
655-07-2265,Alex,1,Male,Electronic accessories,78.31,3,11.7465,246.6765,03-05-19,4:38:00 PM,234.93,11.7465,5.4,False,True,False,True,Normal
589-02-8023,Alex,0,Male,Food and beverages,83.77,2,8.377,175.917,1/15/2019,10:54:00 AM,167.54,8.377,7.0,True,False,False,True,Member
420-04-7590,Cairo,1,Male,Home and lifestyle,99.7,3,14.955,314.055,3/18/2019,11:29:00 AM,299.1,14.955,4.7,False,True,False,False,Normal
182-88-2763,Cairo,0,Male,Food and beverages,79.91,3,11.9865,251.7165,3/20/2019,7:28:00 PM,239.73,11.9865,5.0,True,False,False,False,Member
188-55-0967,Cairo,0,Male,Health and beauty,66.47,10,33.235,697.935,1/15/2019,3:01:00 PM,664.7,33.235,5.0,True,False,False,False,Member
610-46-4100,Alex,1,Male,Health and beauty,28.95,7,10.1325,212.7825,03-03-19,8:31:00 PM,202.65,10.1325,6.0,True,False,False,True,Normal
318-81-2368,Giza,1,Female,Electronic accessories,46.2,1,2.31,48.51,3/19/2019,12:16:00 PM,46.2,2.31,6.3,False,False,True,False,Normal
364-33-8584,Cairo,0,Female,Food and beverages,17.63,5,4.4075,92.5575,03-08-19,3:27:00 PM,88.15,4.4075,8.5,False,False,False,False,Member
665-63-9737,Cairo,1,Male,Fashion accessories,52.42,3,7.863,165.123,2/27/2019,5:36:00 PM,157.26,7.863,7.5,False,True,False,False,Normal
695-09-5146,Cairo,0,Female,Food and beverages,98.79,3,14.8185,311.1885,2/23/2019,8:00:00 PM,296.37,14.8185,6.4,False,True,False,False,Member
155-45-3814,Giza,0,Female,Electronic accessories,88.55,8,35.42,743.82,3/19/2019,3:29:00 PM,708.4,35.42,4.7,False,True,True,False,Member
794-32-2436,Cairo,0,Male,Electronic accessories,55.67,2,5.567,116.907,3/27/2019,3:08:00 PM,111.34,5.567,6.0,False,True,False,False,Member
131-15-8856,Giza,0,Female,Food and beverages,72.52,8,29.008,609.168,3/30/2019,7:26:00 PM,580.16,29.008,4.0,True,False,True,False,Member
273-84-2164,Giza,0,Male,Electronic accessories,12.05,5,3.0125,63.2625,2/16/2019,3:53:00 PM,60.25,3.0125,5.5,False,True,True,False,Member
706-36-6154,Alex,0,Male,Home and lifestyle,19.36,9,8.712,182.952,1/18/2019,6:43:00 PM,174.24,8.712,8.7,False,True,False,True,Member
778-89-7974,Giza,1,Male,Health and beauty,70.21,6,21.063,442.323,3/30/2019,2:58:00 PM,421.26,21.063,7.4,False,False,True,False,Normal
574-31-8277,Cairo,0,Male,Fashion accessories,33.63,1,1.6815,35.3115,3/20/2019,7:55:00 PM,33.63,1.6815,5.6,False,False,False,False,Member
859-71-0933,Giza,0,Female,Sports and travel,15.49,2,1.549,32.529,1/16/2019,3:10:00 PM,30.98,1.549,6.3,False,False,True,False,Member
740-11-5257,Giza,1,Male,Electronic accessories,24.74,10,12.37,259.77,2/24/2019,4:44:00 PM,247.4,12.37,7.1,False,False,True,False,Normal
369-82-2676,Cairo,1,Male,Electronic accessories,75.66,5,18.915,397.215,1/15/2019,6:22:00 PM,378.3,18.915,7.8,False,True,False,False,Normal
563-47-4072,Cairo,1,Female,Health and beauty,55.81,6,16.743,351.603,1/22/2019,11:52:00 AM,334.86,16.743,9.9,False,False,False,False,Normal
742-04-5161,Alex,0,Male,Home and lifestyle,72.78,10,36.39,764.19,02-03-19,5:24:00 PM,727.8,36.39,7.3,False,False,False,True,Member
149-15-7606,Cairo,0,Male,Sports and travel,37.32,9,16.794,352.674,03-06-19,3:31:00 PM,335.88,16.794,5.1,False,True,False,False,Member
133-77-3154,Cairo,0,Male,Fashion accessories,60.18,4,12.036,252.756,2/16/2019,6:04:00 PM,240.72,12.036,9.4,True,False,False,False,Member
169-52-4504,Alex,1,Female,Electronic accessories,15.69,3,2.3535,49.4235,3/14/2019,2:13:00 PM,47.07,2.3535,5.8,True,False,False,True,Normal
250-81-7186,Giza,1,Female,Electronic accessories,99.69,1,4.9845,104.6745,2/27/2019,10:23:00 AM,99.69,4.9845,8.0,True,False,True,False,Normal
562-12-5430,Alex,0,Female,Fashion accessories,88.15,3,13.2225,277.6725,1/18/2019,10:11:00 AM,264.45,13.2225,7.9,False,True,False,True,Member
816-72-8853,Alex,0,Female,Sports and travel,27.93,5,6.9825,146.6325,1/29/2019,3:48:00 PM,139.65,6.9825,5.9,False,False,False,True,Member
491-38-3499,Alex,0,Male,Fashion accessories,55.45,1,2.7725,58.2225,2/26/2019,5:46:00 PM,55.45,2.7725,4.9,True,False,False,True,Member
322-02-2271,Cairo,1,Female,Sports and travel,42.97,3,6.4455,135.3555,02-03-19,11:46:00 AM,128.91,6.4455,9.3,False,False,False,False,Normal
842-29-4695,Giza,0,Male,Sports and travel,17.14,7,5.999,125.979,1/16/2019,12:07:00 PM,119.98,5.999,7.9,True,False,True,False,Member
725-67-2480,Cairo,0,Female,Fashion accessories,58.75,6,17.625,370.125,3/24/2019,6:14:00 PM,352.5,17.625,5.9,True,False,False,False,Member
641-51-2661,Giza,0,Female,Food and beverages,87.1,10,43.55,914.55,02-12-19,2:45:00 PM,871.0,43.55,9.9,True,False,True,False,Member
714-02-3114,Giza,1,Female,Sports and travel,98.8,2,9.88,207.48,2/21/2019,11:39:00 AM,197.6,9.88,7.7,False,False,True,False,Normal
518-17-2983,Alex,1,Female,Fashion accessories,48.63,4,9.726,204.246,02-04-19,3:44:00 PM,194.52,9.726,7.6,False,True,False,True,Normal
779-42-2410,Cairo,0,Male,Food and beverages,57.74,3,8.661,181.881,2/20/2019,1:06:00 PM,173.22,8.661,7.7,False,True,False,False,Member
190-14-3147,Cairo,1,Female,Health and beauty,17.97,4,3.594,75.474,2/23/2019,8:43:00 PM,71.88,3.594,6.4,False,True,False,False,Normal
408-66-6712,Giza,0,Female,Health and beauty,47.71,6,14.313,300.573,2/16/2019,2:19:00 PM,286.26,14.313,4.4,False,True,True,False,Member
679-22-6530,Cairo,1,Female,Sports and travel,40.62,2,4.062,85.302,1/17/2019,10:01:00 AM,81.24,4.062,4.1,True,False,False,False,Normal
588-47-8641,Alex,0,Male,Fashion accessories,56.04,10,28.02,588.42,1/14/2019,7:30:00 PM,560.4,28.02,4.4,False,True,False,True,Member
642-61-4706,Cairo,0,Male,Food and beverages,93.4,2,9.34,196.14,3/30/2019,4:34:00 PM,186.8,9.34,5.5,False,False,False,False,Member
576-31-4774,Cairo,1,Female,Health and beauty,73.41,3,11.0115,231.2415,03-02-19,1:10:00 PM,220.23,11.0115,4.0,False,True,False,False,Normal
556-41-6224,Giza,1,Male,Health and beauty,33.64,8,13.456,282.576,2/15/2019,5:10:00 PM,269.12,13.456,9.3,True,False,True,False,Normal
811-03-8790,Alex,1,Female,Electronic accessories,45.48,10,22.74,477.54,03-01-19,10:22:00 AM,454.8,22.74,4.8,True,False,False,True,Normal
242-11-3142,Cairo,0,Male,Fashion accessories,83.77,2,8.377,175.917,2/24/2019,7:57:00 PM,167.54,8.377,4.6,False,False,False,False,Member
752-23-3760,Cairo,0,Female,Sports and travel,64.08,7,22.428,470.988,2/19/2019,7:29:00 PM,448.56,22.428,7.3,True,False,False,False,Member
274-05-5470,Alex,0,Female,Food and beverages,73.47,4,14.694,308.574,2/23/2019,6:30:00 PM,293.88,14.694,6.0,False,False,False,True,Member
648-94-3045,Giza,1,Male,Health and beauty,58.95,10,29.475,618.975,02-07-19,2:27:00 PM,589.5,29.475,8.1,False,True,True,False,Normal
130-67-4723,Alex,0,Male,Food and beverages,48.5,6,14.55,305.55,01-11-19,1:57:00 PM,291.0,14.55,9.4,False,True,False,True,Member
528-87-5606,Cairo,0,Female,Electronic accessories,39.48,1,1.974,41.454,02-12-19,7:43:00 PM,39.48,1.974,6.5,False,False,False,False,Member
320-85-2052,Cairo,1,Female,Sports and travel,34.81,1,1.7405,36.5505,1/14/2019,10:11:00 AM,34.81,1.7405,7.0,True,False,False,False,Normal
370-96-0655,Giza,1,Female,Fashion accessories,49.32,6,14.796,310.716,01-09-19,1:46:00 PM,295.92,14.796,7.1,False,True,True,False,Normal
105-10-6182,Alex,0,Male,Fashion accessories,21.48,2,2.148,45.108,2/27/2019,12:22:00 PM,42.96,2.148,6.6,False,True,False,True,Member
510-79-0415,Cairo,0,Female,Sports and travel,23.08,6,6.924,145.404,1/24/2019,7:20:00 PM,138.48,6.924,4.9,False,True,False,False,Member
241-96-5076,Cairo,0,Female,Home and lifestyle,49.1,2,4.91,103.11,01-08-19,12:58:00 PM,98.2,4.91,6.4,True,False,False,False,Member
767-97-4650,Cairo,0,Female,Sports and travel,64.83,2,6.483,136.143,01-08-19,11:59:00 AM,129.66,6.483,8.0,True,False,False,False,Member
648-83-1321,Alex,0,Male,Home and lifestyle,63.56,10,31.78,667.38,1/16/2019,5:59:00 PM,635.6,31.78,4.3,False,False,False,True,Member
173-57-2300,Giza,0,Male,Sports and travel,72.88,2,7.288,153.048,3/13/2019,12:51:00 PM,145.76,7.288,6.1,False,False,True,False,Member
305-03-2383,Alex,1,Female,Food and beverages,67.1,3,10.065,211.365,2/15/2019,10:36:00 AM,201.3,10.065,7.5,False,False,False,True,Normal
394-55-6384,Giza,0,Female,Sports and travel,70.19,9,31.5855,663.2955,1/25/2019,1:38:00 PM,631.71,31.5855,6.7,False,False,True,False,Member
266-20-6657,Giza,0,Male,Food and beverages,55.04,7,19.264,404.544,03-12-19,7:39:00 PM,385.28,19.264,5.2,False,True,True,False,Member
689-05-1884,Alex,0,Male,Health and beauty,48.63,10,24.315,510.615,03-04-19,12:44:00 PM,486.3,24.315,8.8,False,False,False,True,Member
196-01-2849,Giza,0,Female,Fashion accessories,73.38,7,25.683,539.343,02-10-19,1:56:00 PM,513.66,25.683,9.5,False,False,True,False,Member
372-62-5264,Giza,1,Female,Food and beverages,52.6,9,23.67,497.07,1/16/2019,2:42:00 PM,473.4,23.67,7.6,False,False,True,False,Normal
800-09-8606,Alex,0,Female,Home and lifestyle,87.37,5,21.8425,458.6925,1/29/2019,7:45:00 PM,436.85,21.8425,6.6,False,False,False,True,Member
182-52-7000,Alex,0,Female,Sports and travel,27.04,4,5.408,113.568,01-01-19,8:26:00 PM,108.16,5.408,6.9,False,True,False,True,Member
826-58-8051,Cairo,1,Male,Home and lifestyle,62.19,4,12.438,261.198,01-06-19,7:46:00 PM,248.76,12.438,4.3,False,True,False,False,Normal
868-06-0466,Alex,0,Male,Electronic accessories,69.58,9,31.311,657.531,2/19/2019,7:38:00 PM,626.22,31.311,7.8,True,False,False,True,Member
751-41-9720,Giza,1,Male,Home and lifestyle,97.5,10,48.75,1023.75,01-12-19,4:18:00 PM,975.0,48.75,8.0,False,True,True,False,Normal
626-43-7888,Giza,1,Female,Fashion accessories,60.41,8,24.164,507.444,02-07-19,12:23:00 PM,483.28,24.164,9.6,False,True,True,False,Normal
176-64-7711,Cairo,1,Male,Food and beverages,32.32,3,4.848,101.808,3/27/2019,7:11:00 PM,96.96,4.848,4.3,True,False,False,False,Normal
191-29-0321,Cairo,0,Female,Fashion accessories,19.77,10,9.885,207.585,2/27/2019,6:57:00 PM,197.7,9.885,5.0,True,False,False,False,Member
729-06-2010,Cairo,0,Male,Health and beauty,80.47,9,36.2115,760.4415,01-06-19,11:18:00 AM,724.23,36.2115,9.2,False,False,False,False,Member
640-48-5028,Cairo,0,Female,Home and lifestyle,88.39,9,39.7755,835.2855,03-02-19,12:40:00 PM,795.51,39.7755,6.3,False,False,False,False,Member
186-79-9562,Cairo,1,Male,Health and beauty,71.77,7,25.1195,527.5095,3/29/2019,2:06:00 PM,502.39,25.1195,8.9,False,False,False,False,Normal
834-45-5519,Cairo,1,Female,Electronic accessories,43.0,4,8.6,180.6,1/31/2019,8:48:00 PM,172.0,8.6,7.6,False,True,False,False,Normal
162-65-8559,Giza,0,Male,Food and beverages,68.98,1,3.449,72.429,1/21/2019,8:13:00 PM,68.98,3.449,4.8,False,False,True,False,Member
760-27-5490,Giza,1,Male,Fashion accessories,15.62,8,6.248,131.208,1/20/2019,8:37:00 PM,124.96,6.248,9.1,False,True,True,False,Normal
445-30-9252,Alex,1,Male,Sports and travel,25.7,3,3.855,80.955,1/17/2019,5:59:00 PM,77.1,3.855,6.1,False,True,False,True,Normal
786-94-2700,Alex,0,Male,Food and beverages,80.62,6,24.186,507.906,2/28/2019,8:18:00 PM,483.72,24.186,9.1,False,False,False,True,Member
728-88-7867,Giza,0,Female,Home and lifestyle,75.53,4,15.106,317.226,3/19/2019,3:52:00 PM,302.12,15.106,8.3,False,True,True,False,Member
183-21-3799,Giza,1,Female,Electronic accessories,77.63,9,34.9335,733.6035,2/19/2019,3:14:00 PM,698.67,34.9335,7.2,False,True,True,False,Normal
268-20-3585,Giza,1,Female,Health and beauty,13.85,9,6.2325,130.8825,02-04-19,12:50:00 PM,124.65,6.2325,6.0,False,True,True,False,Normal
735-32-9839,Giza,0,Male,Fashion accessories,98.7,8,39.48,829.08,1/31/2019,10:36:00 AM,789.6,39.48,8.5,False,True,True,False,Member
258-92-7466,Alex,1,Female,Health and beauty,35.68,5,8.92,187.32,02-06-19,6:33:00 PM,178.4,8.92,6.6,True,False,False,True,Normal
857-16-3520,Alex,0,Female,Fashion accessories,71.46,7,25.011,525.231,3/28/2019,4:06:00 PM,500.22,25.011,4.5,False,True,False,True,Member
482-17-1179,Alex,0,Male,Electronic accessories,11.94,3,1.791,37.611,1/19/2019,12:47:00 PM,35.82,1.791,8.1,True,False,False,True,Member
788-21-5741,Alex,1,Male,Fashion accessories,45.38,3,6.807,142.947,2/17/2019,1:34:00 PM,136.14,6.807,7.2,True,False,False,True,Normal
821-14-9046,Cairo,0,Female,Fashion accessories,17.48,6,5.244,110.124,1/18/2019,3:04:00 PM,104.88,5.244,6.1,True,False,False,False,Member
418-05-0656,Cairo,1,Female,Fashion accessories,25.56,7,8.946,187.866,02-02-19,8:42:00 PM,178.92,8.946,7.1,False,False,False,False,Normal
678-79-0726,Giza,0,Female,Sports and travel,90.63,9,40.7835,856.4535,1/18/2019,3:28:00 PM,815.67,40.7835,5.1,False,False,True,False,Member
776-68-1096,Cairo,1,Male,Home and lifestyle,44.12,3,6.618,138.978,3/18/2019,1:45:00 PM,132.36,6.618,7.9,True,False,False,False,Normal
592-46-1692,Giza,0,Female,Food and beverages,36.77,7,12.8695,270.2595,01-11-19,8:10:00 PM,257.39,12.8695,7.4,False,False,True,False,Member
434-35-9162,Cairo,0,Male,Food and beverages,23.34,4,4.668,98.028,02-04-19,6:53:00 PM,93.36,4.668,7.4,False,True,False,False,Member
149-14-0304,Giza,0,Female,Health and beauty,28.5,8,11.4,239.4,02-06-19,2:24:00 PM,228.0,11.4,6.6,False,False,True,False,Member
442-44-6497,Giza,0,Male,Home and lifestyle,55.57,3,8.3355,175.0455,01-08-19,11:42:00 AM,166.71,8.3355,5.9,True,False,True,False,Member
174-64-0215,Cairo,1,Male,Sports and travel,69.74,10,34.87,732.27,03-05-19,5:49:00 PM,697.4,34.87,8.9,True,False,False,False,Normal
210-74-9613,Giza,1,Male,Fashion accessories,97.26,4,19.452,408.492,3/16/2019,3:33:00 PM,389.04,19.452,6.8,False,True,True,False,Normal
299-29-0180,Cairo,0,Female,Home and lifestyle,52.18,7,18.263,383.523,03-09-19,10:54:00 AM,365.26,18.263,9.3,False,False,False,False,Member
247-11-2470,Alex,0,Female,Fashion accessories,22.32,4,4.464,93.744,03-01-19,4:23:00 PM,89.28,4.464,4.4,True,False,False,True,Member
635-28-5728,Alex,1,Male,Health and beauty,56.0,3,8.4,176.4,2/28/2019,7:33:00 PM,168.0,8.4,4.8,False,True,False,True,Normal
756-49-0168,Alex,0,Male,Fashion accessories,19.7,1,0.985,20.685,02-08-19,11:39:00 AM,19.7,0.985,9.5,False,True,False,True,Member
438-23-1242,Cairo,1,Male,Electronic accessories,75.88,7,26.558,557.718,1/24/2019,10:38:00 AM,531.16,26.558,8.9,False,True,False,False,Normal
238-45-6950,Cairo,0,Male,Food and beverages,53.72,1,2.686,56.406,03-01-19,8:03:00 PM,53.72,2.686,6.4,False,True,False,False,Member
607-65-2441,Giza,0,Male,Health and beauty,81.95,10,40.975,860.475,03-10-19,12:39:00 PM,819.5,40.975,6.0,True,False,True,False,Member
386-27-7606,Giza,0,Female,Home and lifestyle,81.2,7,28.42,596.82,3/23/2019,3:59:00 PM,568.4,28.42,8.1,True,False,True,False,Member
137-63-5492,Giza,1,Male,Electronic accessories,58.76,10,29.38,616.98,1/29/2019,2:26:00 PM,587.6,29.38,9.0,False,True,True,False,Normal
197-77-7132,Cairo,0,Male,Electronic accessories,91.56,8,36.624,769.104,01-12-19,6:22:00 PM,732.48,36.624,6.0,False,True,False,False,Member
805-86-0265,Alex,1,Male,Home and lifestyle,93.96,9,42.282,887.922,3/20/2019,11:32:00 AM,845.64,42.282,9.8,False,False,False,True,Normal
733-29-1227,Giza,1,Male,Home and lifestyle,55.61,7,19.4635,408.7335,3/23/2019,12:41:00 PM,389.27,19.4635,8.5,False,False,True,False,Normal
451-73-2711,Giza,1,Male,Food and beverages,84.83,1,4.2415,89.0715,1/14/2019,3:20:00 PM,84.83,4.2415,8.8,False,True,True,False,Normal
373-14-0504,Alex,0,Female,Sports and travel,71.63,2,7.163,150.423,02-12-19,2:33:00 PM,143.26,7.163,8.8,False,True,False,True,Member
546-80-2899,Alex,0,Male,Home and lifestyle,37.69,2,3.769,79.149,2/20/2019,3:29:00 PM,75.38,3.769,9.5,False,True,False,True,Member
345-68-9016,Giza,0,Female,Sports and travel,31.67,8,12.668,266.028,01-02-19,4:19:00 PM,253.36,12.668,5.6,True,False,True,False,Member
390-17-5806,Giza,0,Female,Food and beverages,38.42,1,1.921,40.341,02-02-19,4:33:00 PM,38.42,1.921,8.6,False,False,True,False,Member
457-13-1708,Cairo,0,Male,Fashion accessories,65.23,10,32.615,684.915,01-08-19,7:07:00 PM,652.3,32.615,5.2,True,False,False,False,Member
664-14-2882,Giza,0,Female,Home and lifestyle,10.53,5,2.6325,55.2825,1/30/2019,2:43:00 PM,52.65,2.6325,5.8,True,False,True,False,Member
487-79-6868,Cairo,0,Female,Home and lifestyle,12.29,9,5.5305,116.1405,3/26/2019,7:28:00 PM,110.61,5.5305,8.0,True,False,False,False,Member
314-23-4520,Giza,0,Male,Health and beauty,81.23,7,28.4305,597.0405,1/15/2019,8:44:00 PM,568.61,28.4305,9.0,False,False,True,False,Member
210-30-7976,Cairo,0,Female,Fashion accessories,22.32,4,4.464,93.744,3/14/2019,11:16:00 AM,89.28,4.464,4.1,False,True,False,False,Member
585-86-8361,Alex,1,Female,Food and beverages,27.28,5,6.82,143.22,02-03-19,10:31:00 AM,136.4,6.82,8.6,True,False,False,True,Normal
807-14-7833,Alex,0,Female,Electronic accessories,17.42,10,8.71,182.91,2/22/2019,12:30:00 PM,174.2,8.71,7.0,False,True,False,True,Member
775-72-1988,Cairo,1,Male,Home and lifestyle,73.28,5,18.32,384.72,1/24/2019,3:05:00 PM,366.4,18.32,8.4,False,True,False,False,Normal
288-38-3758,Giza,0,Female,Fashion accessories,84.87,3,12.7305,267.3405,1/25/2019,6:30:00 PM,254.61,12.7305,7.4,False,True,True,False,Member
652-43-6591,Alex,1,Female,Fashion accessories,97.29,8,38.916,817.236,03-09-19,1:18:00 PM,778.32,38.916,6.2,True,False,False,True,Normal
785-96-0615,Cairo,0,Female,Electronic accessories,35.74,8,14.296,300.216,2/17/2019,3:28:00 PM,285.92,14.296,4.9,False,True,False,False,Member
406-46-7107,Alex,1,Female,Home and lifestyle,96.52,6,28.956,608.076,01-11-19,11:52:00 AM,579.12,28.956,4.5,False,False,False,True,Normal
250-17-5703,Alex,0,Male,Food and beverages,18.85,10,9.425,197.925,2/27/2019,6:24:00 PM,188.5,9.425,5.6,False,True,False,True,Member
156-95-3964,Alex,1,Female,Food and beverages,55.39,4,11.078,232.638,3/25/2019,3:19:00 PM,221.56,11.078,8.0,False,True,False,True,Normal
842-40-8179,Cairo,0,Female,Food and beverages,77.2,10,38.6,810.6,02-11-19,10:38:00 AM,772.0,38.6,5.6,True,False,False,False,Member
525-09-8450,Cairo,1,Male,Electronic accessories,72.13,10,36.065,757.365,1/31/2019,3:12:00 PM,721.3,36.065,4.2,True,False,False,False,Normal
410-67-1709,Alex,0,Female,Fashion accessories,63.88,8,25.552,536.592,1/20/2019,5:48:00 PM,511.04,25.552,9.9,False,True,False,True,Member
587-73-4862,Alex,0,Female,Health and beauty,10.69,5,2.6725,56.1225,3/26/2019,11:07:00 AM,53.45,2.6725,7.6,False,True,False,True,Member
787-87-2010,Alex,0,Male,Health and beauty,55.5,4,11.1,233.1,1/20/2019,3:48:00 PM,222.0,11.1,6.6,True,False,False,True,Member
593-14-4239,Cairo,1,Female,Home and lifestyle,95.46,8,38.184,801.864,03-05-19,7:40:00 PM,763.68,38.184,4.7,False,True,False,False,Normal
801-88-0346,Giza,1,Female,Fashion accessories,76.06,3,11.409,239.589,01-05-19,8:30:00 PM,228.18,11.409,9.8,True,False,True,False,Normal
388-76-2555,Cairo,1,Male,Sports and travel,13.69,6,4.107,86.247,2/13/2019,1:59:00 PM,82.14,4.107,6.3,False,False,False,False,Normal
711-31-1234,Cairo,1,Female,Electronic accessories,95.64,4,19.128,401.688,3/16/2019,6:51:00 PM,382.56,19.128,7.9,False,False,False,False,Normal
886-54-6089,Alex,1,Female,Home and lifestyle,11.43,6,3.429,72.009,1/15/2019,5:24:00 PM,68.58,3.429,7.7,False,False,False,True,Normal
707-32-7409,Cairo,0,Female,Sports and travel,95.54,4,19.108,401.268,2/26/2019,11:58:00 AM,382.16,19.108,4.5,False,True,False,False,Member
759-98-4285,Giza,0,Female,Health and beauty,85.87,7,30.0545,631.1445,2/27/2019,7:01:00 PM,601.09,30.0545,8.0,True,False,True,False,Member
201-63-8275,Giza,0,Female,Sports and travel,67.99,7,23.7965,499.7265,2/17/2019,4:50:00 PM,475.93,23.7965,5.7,False,True,True,False,Member
471-06-8611,Giza,1,Female,Food and beverages,52.42,1,2.621,55.041,02-06-19,10:22:00 AM,52.42,2.621,6.3,True,False,True,False,Normal
200-16-5952,Giza,0,Male,Food and beverages,65.65,2,6.565,137.865,1/17/2019,4:46:00 PM,131.3,6.565,6.0,False,False,True,False,Member
120-54-2248,Cairo,1,Female,Food and beverages,28.86,5,7.215,151.515,1/22/2019,6:08:00 PM,144.3,7.215,8.0,True,False,False,False,Normal
102-77-2261,Giza,0,Male,Health and beauty,65.31,7,22.8585,480.0285,03-05-19,6:02:00 PM,457.17,22.8585,4.2,True,False,True,False,Member
875-31-8302,Cairo,1,Male,Sports and travel,93.38,1,4.669,98.049,01-03-19,1:07:00 PM,93.38,4.669,9.6,False,False,False,False,Normal
102-06-2002,Giza,0,Male,Sports and travel,25.25,5,6.3125,132.5625,3/20/2019,5:52:00 PM,126.25,6.3125,6.1,False,False,True,False,Member
457-94-0464,Cairo,0,Male,Electronic accessories,87.87,9,39.5415,830.3715,1/31/2019,8:32:00 PM,790.83,39.5415,5.6,False,True,False,False,Member
629-42-4133,Giza,1,Male,Health and beauty,21.8,8,8.72,183.12,2/19/2019,7:24:00 PM,174.4,8.72,8.3,False,False,True,False,Normal
534-53-3526,Alex,1,Female,Sports and travel,94.76,4,18.952,397.992,02-11-19,4:06:00 PM,379.04,18.952,7.8,False,True,False,True,Normal
307-04-2070,Alex,0,Female,Fashion accessories,30.62,1,1.531,32.151,02-05-19,2:14:00 PM,30.62,1.531,4.1,True,False,False,True,Member
468-99-7231,Giza,1,Female,Home and lifestyle,44.01,8,17.604,369.684,03-03-19,5:36:00 PM,352.08,17.604,8.8,False,False,True,False,Normal
516-77-6464,Giza,0,Female,Health and beauty,10.16,5,2.54,53.34,2/24/2019,1:08:00 PM,50.8,2.54,4.1,False,True,True,False,Member
404-91-5964,Alex,1,Male,Electronic accessories,74.58,7,26.103,548.163,02-04-19,4:09:00 PM,522.06,26.103,9.0,True,False,False,True,Normal
886-77-9084,Giza,1,Male,Electronic accessories,71.89,8,28.756,603.876,2/19/2019,11:33:00 AM,575.12,28.756,5.5,False,True,True,False,Normal
790-38-4466,Giza,1,Female,Health and beauty,10.99,5,2.7475,57.6975,1/23/2019,10:18:00 AM,54.95,2.7475,9.3,True,False,True,False,Normal
704-10-4056,Giza,0,Male,Health and beauty,60.47,3,9.0705,190.4805,1/14/2019,10:55:00 AM,181.41,9.0705,5.6,True,False,True,False,Member
497-37-6538,Alex,1,Male,Sports and travel,58.91,7,20.6185,432.9885,1/17/2019,3:15:00 PM,412.37,20.6185,9.7,False,True,False,True,Normal
651-96-5970,Alex,1,Male,Fashion accessories,46.41,1,2.3205,48.7305,03-03-19,8:06:00 PM,46.41,2.3205,4.0,True,False,False,True,Normal
400-80-4065,Giza,0,Male,Health and beauty,68.55,4,13.71,287.91,2/15/2019,8:21:00 PM,274.2,13.71,9.2,True,False,True,False,Member
744-16-7898,Cairo,1,Female,Home and lifestyle,97.37,10,48.685,1022.385,1/15/2019,1:48:00 PM,973.7,48.685,4.9,True,False,False,False,Normal
263-12-5321,Alex,0,Male,Electronic accessories,92.6,7,32.41,680.61,2/27/2019,12:52:00 PM,648.2,32.41,9.3,True,False,False,True,Member
702-72-0487,Alex,1,Female,Electronic accessories,46.61,2,4.661,97.881,2/26/2019,12:28:00 PM,93.22,4.661,6.6,True,False,False,True,Normal
605-83-1050,Cairo,1,Male,Fashion accessories,27.18,2,2.718,57.078,3/15/2019,4:26:00 PM,54.36,2.718,4.3,False,True,False,False,Normal
443-60-9639,Giza,0,Female,Home and lifestyle,60.87,1,3.0435,63.9135,1/24/2019,1:24:00 PM,60.87,3.0435,5.5,False,False,True,False,Member
864-24-7918,Alex,0,Female,Sports and travel,24.49,10,12.245,257.145,2/22/2019,3:15:00 PM,244.9,12.245,8.1,False,False,False,True,Member
359-94-5395,Cairo,1,Male,Health and beauty,92.78,1,4.639,97.419,3/15/2019,10:50:00 AM,92.78,4.639,9.8,True,False,False,False,Normal
401-09-4232,Giza,0,Male,Home and lifestyle,86.69,5,21.6725,455.1225,02-11-19,6:38:00 PM,433.45,21.6725,9.4,False,True,True,False,Member
751-15-6198,Cairo,1,Male,Sports and travel,23.01,6,6.903,144.963,01-12-19,4:45:00 PM,138.06,6.903,7.9,False,True,False,False,Normal
324-41-6833,Giza,0,Female,Electronic accessories,30.2,8,12.08,253.68,03-03-19,7:30:00 PM,241.6,12.08,5.1,False,True,True,False,Member
474-33-8305,Giza,0,Male,Fashion accessories,67.39,7,23.5865,495.3165,3/23/2019,1:23:00 PM,471.73,23.5865,6.9,False,True,True,False,Member
759-29-9521,Alex,0,Female,Fashion accessories,48.96,9,22.032,462.672,03-04-19,11:27:00 AM,440.64,22.032,8.0,False,False,False,True,Member
831-81-6575,Cairo,0,Female,Electronic accessories,75.59,9,34.0155,714.3255,2/23/2019,11:12:00 AM,680.31,34.0155,8.0,False,False,False,False,Member
220-68-6701,Alex,1,Female,Home and lifestyle,77.47,4,15.494,325.374,3/17/2019,4:36:00 PM,309.88,15.494,4.2,False,False,False,True,Normal
618-34-8551,Alex,1,Female,Sports and travel,93.18,2,9.318,195.678,1/16/2019,6:41:00 PM,186.36,9.318,8.5,True,False,False,True,Normal
257-60-7754,Alex,1,Female,Electronic accessories,50.23,4,10.046,210.966,01-08-19,5:12:00 PM,200.92,10.046,9.0,False,False,False,True,Normal
559-61-5987,Cairo,1,Female,Health and beauty,17.75,1,0.8875,18.6375,1/14/2019,10:38:00 AM,17.75,0.8875,8.6,False,False,False,False,Normal
189-55-2313,Giza,1,Female,Fashion accessories,62.18,10,31.09,652.89,1/31/2019,10:33:00 AM,621.8,31.09,6.0,False,True,True,False,Normal
565-91-4567,Cairo,1,Male,Health and beauty,10.75,8,4.3,90.3,3/15/2019,2:38:00 PM,86.0,4.3,6.2,False,True,False,False,Normal
380-60-5336,Alex,1,Female,Electronic accessories,40.26,10,20.13,422.73,2/24/2019,6:06:00 PM,402.6,20.13,5.0,True,False,False,True,Normal
815-04-6282,Giza,0,Female,Sports and travel,64.97,5,16.2425,341.0925,02-08-19,12:52:00 PM,324.85,16.2425,6.5,True,False,True,False,Member
674-56-6360,Alex,1,Male,Electronic accessories,95.15,1,4.7575,99.9075,3/22/2019,2:00:00 PM,95.15,4.7575,6.0,False,False,False,True,Normal
778-34-2523,Alex,0,Female,Electronic accessories,48.62,8,19.448,408.408,1/24/2019,10:57:00 AM,388.96,19.448,5.0,False,False,False,True,Member
499-27-7781,Cairo,1,Female,Food and beverages,53.21,8,21.284,446.964,3/14/2019,4:45:00 PM,425.68,21.284,5.0,False,True,False,False,Normal
477-59-2456,Giza,1,Female,Fashion accessories,45.44,7,15.904,333.984,1/23/2019,11:15:00 AM,318.08,15.904,9.2,False,False,True,False,Normal
832-51-6761,Alex,1,Male,Food and beverages,33.88,8,13.552,284.592,1/19/2019,8:29:00 PM,271.04,13.552,9.6,False,True,False,True,Normal
869-11-3082,Cairo,0,Male,Health and beauty,96.16,4,19.232,403.872,1/27/2019,8:03:00 PM,384.64,19.232,8.4,True,False,False,False,Member
190-59-3964,Cairo,0,Male,Food and beverages,47.16,5,11.79,247.59,02-03-19,2:35:00 PM,235.8,11.79,6.0,True,False,False,False,Member
366-43-6862,Cairo,1,Male,Electronic accessories,52.89,4,10.578,222.138,3/25/2019,4:32:00 PM,211.56,10.578,6.7,False,True,False,False,Normal
186-43-8965,Alex,0,Female,Home and lifestyle,47.68,2,4.768,100.128,2/24/2019,10:10:00 AM,95.36,4.768,4.1,True,False,False,True,Member
784-21-9238,Giza,0,Male,Sports and travel,10.17,1,0.5085,10.6785,02-07-19,2:15:00 PM,10.17,0.5085,5.9,False,False,True,False,Member
276-75-6884,Alex,1,Female,Health and beauty,68.71,3,10.3065,216.4365,03-04-19,10:05:00 AM,206.13,10.3065,8.7,False,False,False,True,Normal
109-86-4363,Cairo,0,Female,Sports and travel,60.08,7,21.028,441.588,2/14/2019,11:36:00 AM,420.56,21.028,4.5,True,False,False,False,Member
569-76-2760,Alex,0,Female,Sports and travel,22.01,4,4.402,92.442,1/29/2019,6:15:00 PM,88.04,4.402,6.6,True,False,False,True,Member
222-42-0244,Cairo,0,Female,Health and beauty,72.11,9,32.4495,681.4395,1/28/2019,1:53:00 PM,648.99,32.4495,7.7,True,False,False,False,Member
760-53-9233,Alex,0,Male,Fashion accessories,41.28,3,6.192,130.032,3/26/2019,6:37:00 PM,123.84,6.192,8.5,True,False,False,True,Member
538-22-0304,Giza,1,Male,Electronic accessories,64.95,10,32.475,681.975,3/24/2019,6:27:00 PM,649.5,32.475,5.2,False,False,True,False,Normal
416-17-9926,Alex,0,Female,Electronic accessories,74.22,10,37.11,779.31,01-01-19,2:42:00 PM,742.2,37.11,4.3,True,False,False,True,Member
237-44-6163,Alex,1,Male,Electronic accessories,10.56,8,4.224,88.704,1/24/2019,5:43:00 PM,84.48,4.224,7.6,False,False,False,True,Normal
636-17-0325,Cairo,1,Male,Health and beauty,62.57,4,12.514,262.794,2/25/2019,6:37:00 PM,250.28,12.514,9.5,False,False,False,False,Normal
343-75-9322,Cairo,0,Female,Sports and travel,11.85,8,4.74,99.54,01-09-19,4:34:00 PM,94.8,4.74,4.1,False,False,False,False,Member
528-14-9470,Alex,0,Male,Health and beauty,91.3,1,4.565,95.865,2/14/2019,2:42:00 PM,91.3,4.565,9.2,False,True,False,True,Member
427-45-9297,Cairo,0,Female,Home and lifestyle,40.73,7,14.2555,299.3655,03-12-19,11:01:00 AM,285.11,14.2555,5.4,False,True,False,False,Member
807-34-3742,Alex,1,Male,Fashion accessories,52.38,1,2.619,54.999,3/26/2019,7:44:00 PM,52.38,2.619,5.8,False,False,False,True,Normal
288-62-1085,Alex,0,Male,Fashion accessories,38.54,5,9.635,202.335,01-09-19,1:34:00 PM,192.7,9.635,5.6,False,True,False,True,Member
670-71-7306,Cairo,1,Male,Sports and travel,44.63,6,13.389,281.169,01-02-19,8:08:00 PM,267.78,13.389,5.1,True,False,False,False,Normal
660-29-7083,Giza,1,Male,Electronic accessories,55.87,10,27.935,586.635,1/15/2019,3:01:00 PM,558.7,27.935,5.8,False,False,True,False,Normal
271-77-8740,Giza,0,Female,Sports and travel,29.22,6,8.766,184.086,01-01-19,11:40:00 AM,175.32,8.766,5.0,False,True,True,False,Member
497-36-0989,Alex,1,Male,Fashion accessories,51.94,3,7.791,163.611,2/15/2019,3:21:00 PM,155.82,7.791,7.9,False,False,False,True,Normal
291-59-1384,Cairo,1,Male,Electronic accessories,60.3,1,3.015,63.315,2/28/2019,5:38:00 PM,60.3,3.015,6.0,False,False,False,False,Normal
860-73-6466,Alex,0,Female,Sports and travel,39.47,2,3.947,82.887,03-02-19,4:16:00 PM,78.94,3.947,5.0,True,False,False,True,Member
549-23-9016,Giza,0,Female,Food and beverages,14.87,2,1.487,31.227,2/13/2019,6:15:00 PM,29.74,1.487,8.9,True,False,True,False,Member
896-34-0956,Alex,1,Male,Fashion accessories,21.32,1,1.066,22.386,1/26/2019,12:43:00 PM,21.32,1.066,5.9,False,False,False,True,Normal
804-38-3935,Alex,0,Male,Electronic accessories,93.78,3,14.067,295.407,1/30/2019,11:32:00 AM,281.34,14.067,5.9,True,False,False,True,Member
585-90-0249,Alex,0,Male,Electronic accessories,73.26,1,3.663,76.923,1/27/2019,6:08:00 PM,73.26,3.663,9.7,False,True,False,True,Member
862-29-5914,Giza,1,Female,Sports and travel,22.38,1,1.119,23.499,1/30/2019,5:08:00 PM,22.38,1.119,8.6,True,False,True,False,Normal
845-94-6841,Giza,0,Female,Food and beverages,72.88,9,32.796,688.716,01-08-19,7:38:00 PM,655.92,32.796,4.0,False,False,True,False,Member
125-45-2293,Alex,1,Female,Fashion accessories,99.1,6,29.73,624.33,1/19/2019,1:11:00 PM,594.6,29.73,4.2,False,False,False,True,Normal
843-73-4724,Alex,1,Male,Fashion accessories,74.1,1,3.705,77.805,1/25/2019,11:05:00 AM,74.1,3.705,9.2,False,False,False,True,Normal
409-33-9708,Alex,1,Female,Fashion accessories,98.48,2,9.848,206.808,2/19/2019,10:12:00 AM,196.96,9.848,9.2,False,True,False,True,Normal
658-66-3967,Giza,1,Male,Health and beauty,53.19,7,18.6165,390.9465,1/14/2019,3:42:00 PM,372.33,18.6165,5.0,False,True,True,False,Normal
866-70-2814,Cairo,1,Female,Electronic accessories,52.79,10,26.395,554.295,2/25/2019,11:58:00 AM,527.9,26.395,10.0,False,True,False,False,Normal
160-22-2687,Alex,0,Female,Health and beauty,95.95,5,23.9875,503.7375,1/23/2019,2:21:00 PM,479.75,23.9875,8.8,False,True,False,True,Member
895-03-6665,Cairo,1,Female,Fashion accessories,36.51,9,16.4295,345.0195,2/16/2019,10:52:00 AM,328.59,16.4295,4.2,False,False,False,False,Normal
770-42-8960,Cairo,1,Male,Food and beverages,21.12,8,8.448,177.408,01-01-19,7:31:00 PM,168.96,8.448,6.3,False,False,False,False,Normal
748-45-2862,Alex,0,Female,Home and lifestyle,28.31,4,5.662,118.902,03-07-19,6:35:00 PM,113.24,5.662,8.2,False,False,False,True,Member
234-36-2483,Cairo,1,Male,Health and beauty,57.59,6,17.277,362.817,2/15/2019,1:51:00 PM,345.54,17.277,5.1,False,False,False,False,Normal
316-66-3011,Alex,0,Female,Food and beverages,47.63,9,21.4335,450.1035,1/23/2019,12:35:00 PM,428.67,21.4335,5.0,False,False,False,True,Member
848-95-6252,Giza,0,Female,Home and lifestyle,86.27,1,4.3135,90.5835,2/20/2019,1:24:00 PM,86.27,4.3135,7.0,False,True,True,False,Member
840-76-5966,Alex,0,Male,Sports and travel,12.76,2,1.276,26.796,01-08-19,6:06:00 PM,25.52,1.276,7.8,False,True,False,True,Member
152-03-4217,Cairo,1,Female,Home and lifestyle,11.28,9,5.076,106.596,3/17/2019,11:55:00 AM,101.52,5.076,4.3,True,False,False,False,Normal
533-66-5566,Cairo,1,Female,Home and lifestyle,51.07,7,17.8745,375.3645,01-12-19,11:42:00 AM,357.49,17.8745,7.0,False,False,False,False,Normal
124-31-1458,Alex,0,Female,Electronic accessories,79.59,3,11.9385,250.7085,01-08-19,2:30:00 PM,238.77,11.9385,6.6,False,False,False,True,Member
176-78-1170,Giza,0,Male,Health and beauty,33.81,3,5.0715,106.5015,1/26/2019,3:11:00 PM,101.43,5.0715,7.3,False,True,True,False,Member
361-59-0574,Cairo,0,Male,Sports and travel,90.53,8,36.212,760.452,3/15/2019,2:48:00 PM,724.24,36.212,6.5,True,False,False,False,Member
101-81-4070,Giza,0,Female,Health and beauty,62.82,2,6.282,131.922,1/17/2019,12:36:00 PM,125.64,6.282,4.9,False,True,True,False,Member
631-34-1880,Giza,0,Male,Food and beverages,24.31,3,3.6465,76.5765,01-08-19,7:09:00 PM,72.93,3.6465,4.3,True,False,True,False,Member
852-82-2749,Alex,1,Male,Sports and travel,64.59,4,12.918,271.278,01-06-19,1:35:00 PM,258.36,12.918,9.3,False,True,False,True,Normal
873-14-6353,Alex,0,Male,Food and beverages,24.82,7,8.687,182.427,2/16/2019,10:33:00 AM,173.74,8.687,7.1,True,False,False,True,Member
584-66-4073,Giza,1,Male,Fashion accessories,56.5,1,2.825,59.325,3/13/2019,3:45:00 PM,56.5,2.825,9.6,False,True,True,False,Normal
544-55-9589,Cairo,0,Female,Electronic accessories,21.43,10,10.715,225.015,1/28/2019,11:51:00 AM,214.3,10.715,6.2,False,False,False,False,Member
166-19-2553,Alex,0,Male,Sports and travel,89.06,6,26.718,561.078,1/18/2019,5:26:00 PM,534.36,26.718,9.9,False,False,False,True,Member
737-88-5876,Alex,0,Male,Home and lifestyle,23.29,4,4.658,97.818,3/19/2019,11:52:00 AM,93.16,4.658,5.9,True,False,False,True,Member
154-87-7367,Giza,1,Male,Home and lifestyle,65.26,8,26.104,548.184,3/15/2019,2:04:00 PM,522.08,26.104,6.3,False,True,True,False,Normal
885-56-0389,Giza,0,Male,Fashion accessories,52.35,1,2.6175,54.9675,02-12-19,5:49:00 PM,52.35,2.6175,4.0,False,False,True,False,Member
608-05-3804,Cairo,0,Male,Electronic accessories,39.75,1,1.9875,41.7375,2/25/2019,8:19:00 PM,39.75,1.9875,6.1,False,False,False,False,Member
448-61-3783,Alex,1,Female,Electronic accessories,90.02,8,36.008,756.168,3/21/2019,4:08:00 PM,720.16,36.008,4.5,True,False,False,True,Normal
761-49-0439,Cairo,0,Female,Electronic accessories,12.1,8,4.84,101.64,1/19/2019,10:17:00 AM,96.8,4.84,8.6,False,True,False,False,Member
490-95-0021,Cairo,0,Female,Food and beverages,33.21,10,16.605,348.705,01-08-19,2:25:00 PM,332.1,16.605,6.0,False,True,False,False,Member
115-38-7388,Giza,0,Female,Fashion accessories,10.18,8,4.072,85.512,3/30/2019,12:51:00 PM,81.44,4.072,9.5,True,False,True,False,Member
311-13-6971,Cairo,0,Male,Sports and travel,31.99,10,15.995,335.895,2/20/2019,3:18:00 PM,319.9,15.995,9.9,True,False,False,False,Member
291-55-6563,Alex,0,Female,Home and lifestyle,34.42,6,10.326,216.846,3/30/2019,12:45:00 PM,206.52,10.326,7.5,False,True,False,True,Member
548-48-3156,Alex,0,Female,Food and beverages,83.34,2,8.334,175.014,3/19/2019,1:37:00 PM,166.68,8.334,7.6,False,False,False,True,Member
460-93-5834,Alex,1,Male,Sports and travel,45.58,7,15.953,335.013,1/13/2019,10:03:00 AM,319.06,15.953,5.0,False,False,False,True,Normal
325-89-4209,Alex,0,Male,Food and beverages,87.9,1,4.395,92.295,02-05-19,7:42:00 PM,87.9,4.395,6.7,False,True,False,True,Member
884-80-6021,Alex,0,Female,Electronic accessories,73.47,10,36.735,771.435,3/23/2019,1:14:00 PM,734.7,36.735,9.5,False,True,False,True,Member
137-74-8729,Giza,1,Female,Fashion accessories,12.19,8,4.876,102.396,3/13/2019,12:47:00 PM,97.52,4.876,6.8,False,True,True,False,Normal
880-46-5796,Alex,0,Male,Sports and travel,76.92,10,38.46,807.66,3/17/2019,7:53:00 PM,769.2,38.46,5.6,False,True,False,True,Member
389-70-2397,Giza,1,Female,Health and beauty,83.66,5,20.915,439.215,2/21/2019,10:26:00 AM,418.3,20.915,7.2,False,False,True,False,Normal
114-35-5271,Cairo,1,Female,Electronic accessories,57.91,8,23.164,486.444,02-07-19,3:06:00 PM,463.28,23.164,8.1,False,False,False,False,Normal
607-76-6216,Giza,0,Female,Fashion accessories,92.49,5,23.1225,485.5725,03-02-19,4:35:00 PM,462.45,23.1225,8.6,True,False,True,False,Member
715-20-1673,Cairo,1,Male,Electronic accessories,28.38,5,7.095,148.995,03-06-19,8:57:00 PM,141.9,7.095,9.4,False,False,False,False,Normal
811-35-1094,Cairo,0,Male,Electronic accessories,50.45,6,15.135,317.835,02-06-19,3:16:00 PM,302.7,15.135,8.9,True,False,False,False,Member
699-88-1972,Cairo,1,Male,Health and beauty,99.16,8,39.664,832.944,1/28/2019,5:47:00 PM,793.28,39.664,4.2,True,False,False,False,Normal
781-84-8059,Giza,1,Male,Fashion accessories,60.74,7,21.259,446.439,1/18/2019,4:23:00 PM,425.18,21.259,5.0,False,True,True,False,Normal
409-49-6995,Giza,0,Female,Food and beverages,47.27,6,14.181,297.801,02-05-19,10:17:00 AM,283.62,14.181,8.8,False,False,True,False,Member
725-54-0677,Giza,0,Male,Health and beauty,85.6,7,29.96,629.16,03-02-19,1:50:00 PM,599.2,29.96,5.3,False,False,True,False,Member
146-09-5432,Alex,0,Male,Food and beverages,35.04,9,15.768,331.128,02-09-19,7:17:00 PM,315.36,15.768,4.6,False,True,False,True,Member
377-79-7592,Giza,0,Female,Electronic accessories,44.84,9,20.178,423.738,1/14/2019,2:00:00 PM,403.56,20.178,7.5,True,False,True,False,Member
509-10-0516,Cairo,1,Male,Home and lifestyle,45.97,4,9.194,193.074,02-09-19,12:02:00 PM,183.88,9.194,5.1,False,True,False,False,Normal
595-94-9924,Alex,0,Female,Health and beauty,27.73,5,6.9325,145.5825,3/26/2019,8:21:00 PM,138.65,6.9325,4.2,True,False,False,True,Member
865-41-9075,Alex,1,Male,Food and beverages,11.53,7,4.0355,84.7455,1/28/2019,5:35:00 PM,80.71,4.0355,8.1,False,False,False,True,Normal
545-07-8534,Giza,1,Female,Health and beauty,58.32,2,5.832,122.472,2/14/2019,12:42:00 PM,116.64,5.832,6.0,False,True,True,False,Normal
118-62-1812,Giza,0,Female,Home and lifestyle,78.38,4,15.676,329.196,3/24/2019,5:56:00 PM,313.52,15.676,7.9,False,False,True,False,Member
450-42-3339,Giza,1,Male,Health and beauty,84.61,10,42.305,888.405,02-09-19,6:58:00 PM,846.1,42.305,8.8,True,False,True,False,Normal
851-98-3555,Cairo,1,Female,Health and beauty,82.88,5,20.72,435.12,3/24/2019,2:08:00 PM,414.4,20.72,6.6,True,False,False,False,Normal
186-71-5196,Alex,0,Female,Food and beverages,79.54,2,7.954,167.034,3/27/2019,4:30:00 PM,159.08,7.954,6.2,False,True,False,True,Member
624-01-8356,Cairo,1,Female,Home and lifestyle,49.01,10,24.505,514.605,1/27/2019,10:44:00 AM,490.1,24.505,4.2,True,False,False,False,Normal
313-66-9943,Cairo,0,Female,Food and beverages,29.15,3,4.3725,91.8225,3/27/2019,8:29:00 PM,87.45,4.3725,7.3,True,False,False,False,Member
151-27-8496,Giza,1,Female,Electronic accessories,56.13,4,11.226,235.746,1/19/2019,11:43:00 AM,224.52,11.226,8.6,False,True,True,False,Normal
453-33-6436,Alex,1,Female,Home and lifestyle,93.12,8,37.248,782.208,02-07-19,10:09:00 AM,744.96,37.248,6.8,False,False,False,True,Normal
522-57-8364,Alex,0,Male,Fashion accessories,51.34,8,20.536,431.256,1/31/2019,10:00:00 AM,410.72,20.536,7.6,False,True,False,True,Member
459-45-2396,Alex,0,Female,Food and beverages,99.6,3,14.94,313.74,2/25/2019,6:45:00 PM,298.8,14.94,5.8,False,False,False,True,Member
717-96-4189,Giza,1,Female,Electronic accessories,35.49,6,10.647,223.587,02-02-19,12:40:00 PM,212.94,10.647,4.1,False,False,True,False,Normal
722-13-2115,Giza,0,Male,Sports and travel,42.85,1,2.1425,44.9925,3/14/2019,3:36:00 PM,42.85,2.1425,9.3,True,False,True,False,Member
749-81-8133,Alex,1,Female,Fashion accessories,94.67,4,18.934,397.614,03-11-19,12:04:00 PM,378.68,18.934,6.8,False,False,False,True,Normal
777-67-2495,Cairo,1,Male,Home and lifestyle,68.97,3,10.3455,217.2555,2/22/2019,11:26:00 AM,206.91,10.3455,8.7,False,True,False,False,Normal
636-98-3364,Cairo,0,Female,Electronic accessories,26.26,3,3.939,82.719,03-02-19,12:36:00 PM,78.78,3.939,6.3,False,True,False,False,Member
246-55-6923,Giza,0,Female,Home and lifestyle,35.79,9,16.1055,338.2155,03-10-19,3:06:00 PM,322.11,16.1055,5.1,True,False,True,False,Member
181-82-6255,Cairo,1,Female,Home and lifestyle,16.37,6,4.911,103.131,02-08-19,10:58:00 AM,98.22,4.911,7.0,False,False,False,False,Normal
838-02-1821,Giza,0,Female,Home and lifestyle,12.73,2,1.273,26.733,2/22/2019,12:10:00 PM,25.46,1.273,5.2,True,False,True,False,Member
887-42-0517,Giza,1,Female,Sports and travel,83.14,7,29.099,611.079,01-10-19,10:31:00 AM,581.98,29.099,6.6,True,False,True,False,Normal
457-12-0244,Giza,0,Female,Sports and travel,35.22,6,10.566,221.886,3/14/2019,1:49:00 PM,211.32,10.566,6.5,False,True,True,False,Member
226-34-0034,Cairo,1,Female,Electronic accessories,13.78,4,2.756,57.876,01-10-19,11:10:00 AM,55.12,2.756,9.0,False,True,False,False,Normal
321-49-7382,Cairo,0,Male,Sports and travel,88.31,1,4.4155,92.7255,2/15/2019,5:38:00 PM,88.31,4.4155,5.2,True,False,False,False,Member
397-25-8725,Alex,0,Female,Health and beauty,39.62,9,17.829,374.409,1/13/2019,5:54:00 PM,356.58,17.829,6.8,True,False,False,True,Member
431-66-2305,Cairo,1,Female,Electronic accessories,88.25,9,39.7125,833.9625,2/15/2019,8:51:00 PM,794.25,39.7125,7.6,True,False,False,False,Normal
825-94-5922,Cairo,1,Male,Sports and travel,25.31,2,2.531,53.151,03-02-19,7:26:00 PM,50.62,2.531,7.2,False,True,False,False,Normal
641-62-7288,Cairo,1,Male,Home and lifestyle,99.92,6,29.976,629.496,3/24/2019,1:33:00 PM,599.52,29.976,7.1,False,True,False,False,Normal
756-93-1854,Giza,0,Female,Fashion accessories,83.35,2,8.335,175.035,02-02-19,2:05:00 PM,166.7,8.335,9.5,True,False,True,False,Member
243-55-8457,Alex,1,Female,Food and beverages,74.44,10,37.22,781.62,2/27/2019,11:40:00 AM,744.4,37.22,5.1,False,True,False,True,Normal
458-10-8612,Giza,1,Male,Health and beauty,64.08,7,22.428,470.988,1/20/2019,12:27:00 PM,448.56,22.428,7.6,False,True,True,False,Normal
501-61-1753,Cairo,1,Female,Home and lifestyle,63.15,6,18.945,397.845,01-03-19,8:24:00 PM,378.9,18.945,9.8,False,True,False,False,Normal
235-06-8510,Giza,0,Male,Home and lifestyle,85.72,3,12.858,270.018,1/24/2019,8:59:00 PM,257.16,12.858,5.1,False,True,True,False,Member
433-08-7822,Giza,1,Female,Health and beauty,78.89,7,27.6115,579.8415,01-05-19,7:48:00 PM,552.23,27.6115,7.5,False,True,True,False,Normal
361-85-2571,Alex,1,Female,Sports and travel,89.48,5,22.37,469.77,3/30/2019,10:18:00 AM,447.4,22.37,7.4,False,False,False,True,Normal
131-70-8179,Alex,0,Female,Health and beauty,92.09,3,13.8135,290.0835,2/17/2019,4:27:00 PM,276.27,13.8135,4.2,False,False,False,True,Member
500-02-2261,Giza,1,Female,Food and beverages,57.29,6,17.187,360.927,3/21/2019,5:04:00 PM,343.74,17.187,5.9,False,True,True,False,Normal
720-72-2436,Alex,1,Male,Food and beverages,66.52,4,13.304,279.384,03-02-19,6:14:00 PM,266.08,13.304,6.9,False,True,False,True,Normal
702-83-5291,Giza,0,Male,Fashion accessories,99.82,9,44.919,943.299,3/27/2019,10:43:00 AM,898.38,44.919,6.6,False,False,True,False,Member
809-69-9497,Alex,1,Female,Home and lifestyle,45.68,10,22.84,479.64,1/19/2019,7:30:00 PM,456.8,22.84,5.7,False,True,False,True,Normal
449-16-6770,Alex,1,Male,Health and beauty,50.79,5,12.6975,266.6475,2/19/2019,2:53:00 PM,253.95,12.6975,5.3,True,False,False,True,Normal
333-23-2632,Alex,0,Male,Health and beauty,10.08,7,3.528,74.088,3/28/2019,8:14:00 PM,70.56,3.528,4.2,False,False,False,True,Member
489-82-1237,Alex,1,Female,Electronic accessories,93.88,7,32.858,690.018,01-05-19,11:51:00 AM,657.16,32.858,7.3,True,False,False,True,Normal
859-97-6048,Giza,0,Male,Electronic accessories,84.25,2,8.425,176.925,3/26/2019,2:13:00 PM,168.5,8.425,5.3,True,False,True,False,Member
676-10-2200,Cairo,0,Male,Fashion accessories,53.78,1,2.689,56.469,02-03-19,8:13:00 PM,53.78,2.689,4.7,False,True,False,False,Member
373-88-1424,Giza,0,Male,Home and lifestyle,35.81,5,8.9525,188.0025,02-06-19,6:44:00 PM,179.05,8.9525,7.9,False,True,True,False,Member
365-16-4334,Cairo,1,Female,Food and beverages,26.43,8,10.572,222.012,2/24/2019,2:26:00 PM,211.44,10.572,8.9,False,True,False,False,Normal
503-21-4385,Cairo,0,Male,Health and beauty,39.91,3,5.9865,125.7165,2/21/2019,12:40:00 PM,119.73,5.9865,9.3,False,True,False,False,Member
305-89-2768,Cairo,0,Female,Home and lifestyle,21.9,3,3.285,68.985,01-09-19,6:43:00 PM,65.7,3.285,4.7,False,True,False,False,Member
574-80-1489,Cairo,0,Female,Food and beverages,62.85,4,12.57,263.97,2/25/2019,1:22:00 PM,251.4,12.57,8.7,False,True,False,False,Member
784-08-0310,Giza,0,Female,Food and beverages,21.04,4,4.208,88.368,1/13/2019,1:58:00 PM,84.16,4.208,7.6,False,False,True,False,Member
200-40-6154,Cairo,0,Male,Home and lifestyle,65.91,6,19.773,415.233,02-09-19,11:45:00 AM,395.46,19.773,5.7,False,False,False,False,Member
846-10-0341,Alex,1,Female,Fashion accessories,42.57,7,14.8995,312.8895,01-06-19,11:51:00 AM,297.99,14.8995,6.8,False,False,False,True,Normal
577-34-7579,Giza,0,Male,Food and beverages,50.49,9,22.7205,477.1305,01-10-19,5:16:00 PM,454.41,22.7205,5.4,False,False,True,False,Member
430-02-3888,Cairo,1,Male,Electronic accessories,46.02,6,13.806,289.926,02-07-19,3:55:00 PM,276.12,13.806,7.1,False,False,False,False,Normal
867-47-1948,Giza,1,Female,Home and lifestyle,15.8,10,7.9,165.9,01-09-19,12:07:00 PM,158.0,7.9,7.8,False,False,True,False,Normal
384-59-6655,Alex,0,Female,Food and beverages,98.66,9,44.397,932.337,2/19/2019,3:07:00 PM,887.94,44.397,8.4,False,False,False,True,Member
256-58-3609,Giza,0,Male,Fashion accessories,91.98,1,4.599,96.579,3/18/2019,3:29:00 PM,91.98,4.599,9.8,False,False,True,False,Member
324-92-3863,Alex,0,Male,Electronic accessories,20.89,2,2.089,43.869,02-05-19,6:45:00 PM,41.78,2.089,9.8,False,False,False,True,Member
593-08-5916,Alex,1,Female,Fashion accessories,15.5,1,0.775,16.275,3/19/2019,3:23:00 PM,15.5,0.775,7.4,True,False,False,True,Normal
364-34-2972,Giza,0,Male,Electronic accessories,96.82,3,14.523,304.983,3/30/2019,8:37:00 PM,290.46,14.523,6.7,False,False,True,False,Member
794-42-3736,Cairo,1,Male,Food and beverages,33.33,2,3.333,69.993,1/26/2019,2:41:00 PM,66.66,3.333,6.4,True,False,False,False,Normal
172-42-8274,Cairo,1,Female,Electronic accessories,38.27,2,3.827,80.367,03-02-19,6:18:00 PM,76.54,3.827,5.8,True,False,False,False,Normal
558-60-5016,Alex,1,Female,Home and lifestyle,33.3,9,14.985,314.685,03-04-19,3:27:00 PM,299.7,14.985,7.2,False,True,False,True,Normal
195-06-0432,Alex,0,Male,Home and lifestyle,81.01,3,12.1515,255.1815,1/13/2019,12:55:00 PM,243.03,12.1515,9.3,True,False,False,True,Member
605-03-2706,Alex,1,Female,Health and beauty,15.8,3,2.37,49.77,3/25/2019,6:02:00 PM,47.4,2.37,9.5,False,False,False,True,Normal
214-30-2776,Cairo,0,Female,Electronic accessories,34.49,5,8.6225,181.0725,03-11-19,7:44:00 PM,172.45,8.6225,9.0,True,False,False,False,Member
746-04-1077,Cairo,0,Female,Food and beverages,84.63,10,42.315,888.615,01-01-19,11:36:00 AM,846.3,42.315,9.0,True,False,False,False,Member
448-34-8700,Cairo,0,Male,Home and lifestyle,36.91,7,12.9185,271.2885,02-10-19,1:51:00 PM,258.37,12.9185,6.7,False,True,False,False,Member
452-04-8808,Cairo,1,Male,Electronic accessories,87.08,7,30.478,640.038,1/26/2019,3:17:00 PM,609.56,30.478,5.5,False,False,False,False,Normal
531-56-4728,Alex,1,Male,Home and lifestyle,80.08,3,12.012,252.252,02-11-19,3:29:00 PM,240.24,12.012,5.4,False,False,False,True,Normal
744-82-9138,Giza,1,Male,Fashion accessories,86.13,2,8.613,180.873,02-07-19,5:59:00 PM,172.26,8.613,8.2,False,False,True,False,Normal
883-69-1285,Cairo,0,Male,Fashion accessories,49.92,2,4.992,104.832,03-06-19,11:55:00 AM,99.84,4.992,7.0,True,False,False,False,Member
221-25-5073,Alex,1,Female,Food and beverages,74.66,4,14.932,313.572,03-04-19,10:39:00 AM,298.64,14.932,8.5,False,False,False,True,Normal
518-71-6847,Cairo,0,Male,Food and beverages,26.6,6,7.98,167.58,2/26/2019,3:10:00 PM,159.6,7.98,4.9,False,True,False,False,Member
156-20-0370,Cairo,1,Female,Electronic accessories,25.45,1,1.2725,26.7225,03-10-19,6:10:00 PM,25.45,1.2725,5.1,True,False,False,False,Normal
151-33-7434,Cairo,1,Female,Food and beverages,67.77,1,3.3885,71.1585,02-04-19,8:43:00 PM,67.77,3.3885,6.5,True,False,False,False,Normal
728-47-9078,Giza,0,Male,Food and beverages,59.59,4,11.918,250.278,1/19/2019,12:46:00 PM,238.36,11.918,9.8,False,False,True,False,Member
809-46-1866,Alex,1,Male,Health and beauty,58.15,4,11.63,244.23,1/23/2019,5:44:00 PM,232.6,11.63,8.4,False,False,False,True,Normal
139-32-4183,Alex,0,Female,Sports and travel,97.48,9,43.866,921.186,3/14/2019,2:19:00 PM,877.32,43.866,7.4,False,True,False,True,Member
148-41-7930,Giza,1,Male,Health and beauty,99.96,7,34.986,734.706,1/23/2019,10:33:00 AM,699.72,34.986,6.1,False,False,True,False,Normal
189-40-5216,Giza,1,Male,Electronic accessories,96.37,7,33.7295,708.3195,01-09-19,11:40:00 AM,674.59,33.7295,6.0,False,False,True,False,Normal
374-38-5555,Cairo,1,Female,Fashion accessories,63.71,5,15.9275,334.4775,02-07-19,7:30:00 PM,318.55,15.9275,8.5,False,True,False,False,Normal
764-44-8999,Cairo,1,Female,Health and beauty,14.76,2,1.476,30.996,2/18/2019,2:42:00 PM,29.52,1.476,4.3,False,True,False,False,Normal
552-44-5977,Cairo,0,Male,Health and beauty,62.0,8,24.8,520.8,01-03-19,7:08:00 PM,496.0,24.8,6.2,True,False,False,False,Member
267-62-7380,Giza,0,Male,Electronic accessories,82.34,10,41.17,864.57,3/29/2019,7:12:00 PM,823.4,41.17,4.3,False,True,True,False,Member
430-53-4718,Cairo,0,Male,Health and beauty,75.37,8,30.148,633.108,1/28/2019,3:46:00 PM,602.96,30.148,8.4,True,False,False,False,Member
886-18-2897,Alex,1,Female,Food and beverages,56.56,5,14.14,296.94,3/22/2019,7:06:00 PM,282.8,14.14,4.5,True,False,False,True,Normal
602-16-6955,Cairo,1,Female,Sports and travel,76.6,10,38.3,804.3,1/24/2019,6:10:00 PM,766.0,38.3,6.0,False,True,False,False,Normal
745-74-0715,Alex,1,Male,Electronic accessories,58.03,2,5.803,121.863,03-10-19,8:46:00 PM,116.06,5.803,8.8,False,True,False,True,Normal
690-01-6631,Cairo,1,Male,Fashion accessories,17.49,10,8.745,183.645,2/22/2019,6:35:00 PM,174.9,8.745,6.6,False,True,False,False,Normal
652-49-6720,Giza,0,Female,Electronic accessories,60.95,1,3.0475,63.9975,2/18/2019,11:40:00 AM,60.95,3.0475,5.9,False,True,True,False,Member
233-67-5758,Giza,1,Male,Health and beauty,40.35,1,2.0175,42.3675,1/29/2019,1:46:00 PM,40.35,2.0175,6.2,False,True,True,False,Normal
303-96-2227,Cairo,1,Female,Home and lifestyle,97.38,10,48.69,1022.49,03-02-19,5:16:00 PM,973.8,48.69,4.4,False,True,False,False,Normal
727-02-1313,Alex,0,Male,Food and beverages,31.84,1,1.592,33.432,02-09-19,1:22:00 PM,31.84,1.592,7.7,False,False,False,True,Member
347-56-2442,Alex,1,Male,Home and lifestyle,65.82,1,3.291,69.111,2/22/2019,3:33:00 PM,65.82,3.291,4.1,False,False,False,True,Normal
849-09-3807,Alex,0,Female,Fashion accessories,88.34,7,30.919,649.299,2/18/2019,1:28:00 PM,618.38,30.919,6.6,False,False,False,True,Member
